3134 5104
729 622 769 632 -
795 583 841 652 40
867 623 914 634 .-

303 732 428 808 eadem
443 730 495 804 rei
511 755 606 806 veroe
628 731 817 807 clariorem
833 731 997 807 induunt
1014 756 1162 830 poeseos
1183 731 1355 824 colorem,

302 893 413 970 quam
427 895 509 968 quae
525 867 591 942 diu
614 866 791 940 meditata
809 892 887 941 esse
908 878 945 941 et
966 891 1031 964 per
1049 866 1167 941 otium
1190 864 1356 964 expolita

302 1002 514 1079 dubitemus
534 1031 544 1078 t
563 1027 692 1100 neque,
707 1001 870 1100 exempli
882 1000 1013 1100 gratia,
1028 1001 1171 1076 credere
1194 1025 1354 1098 pronum

304 1149 360 1214 est
387 1148 505 1214 totam
528 1136 573 1212 el.
599 1134 630 1230 I,
659 1139 679 1209 3
701 1145 847 1233 poetam
868 1135 907 1208 in
932 1133 1090 1236 Corcyra
1114 1134 1354 1234 languentem

305 1273 499 1350 confecisse
513 1301 522 1366 ;
536 1270 786 1346 incredibilius
798 1297 882 1345 cum
905 1270 1042 1346 ibidem
1056 1271 1180 1346 futura
1194 1270 1353 1344 dominae

255 1471 258 1477 .
305 1417 453 1509 peccata
468 1409 564 1506 (quae
586 1405 780 1480 artificiose
795 1417 1049 1505 praparantur
1066 1431 1101 1480 v.
1114 1409 1160 1482 81
1171 1406 1245 1504 sq.)
1255 1405 1352 1503 jam-

304 1554 394 1618 tunc
410 1566 487 1616 esse
506 1549 743 1639 auguratum.
765 1537 811 1612 In
828 1566 970 1614 summa
992 1540 1062 1614 hoc
1077 1539 1207 1614 saltem
1217 1563 1353 1638 ponere

303 1677 420 1753 licet:
452 1675 613 1751 carmina
644 1671 794 1748 Deliaca
823 1674 974 1749 ineunte
1002 1698 1059 1749 an.
1096 1677 1164 1748 725
1190 1674 1350 1772 incepta,

303 1836 360 1886 an.
379 1814 447 1885 726
462 1811 560 1884 inter
572 1808 754 1883 litteratos
770 1809 907 1906 partim
928 1809 1078 1908 cognita
1096 1807 1161 1907 (1),
1185 1809 1353 1884 absoluta

301 1972 378 2022 esse
396 1971 458 2023 an.
475 1945 616 2020 circiter
632 1945 700 2017 727
715 1953 781 2017 aut
798 1947 880 2018 728.
985 1993 988 2004 ·

350 2079 465 2155 Deliae
474 2104 620 2172 nomen,
633 2088 811 2176 tanquam
822 2076 964 2152 Lesbiae
978 2086 1015 2152 et
1025 2076 1232 2176 Lyconidis,
1248 2076 1352 2178 (lyn-

219 2233 279 2284 κ
302 2215 389 2292 thiae
404 2226 441 2290 ct
452 2213 635 2303 Corinnae,
651 2213 781 2286 fictum
795 2212 932 2311 absque
944 2210 1056 2287 dubio
1068 2224 1137 2288 est.
1163 2211 1352 2311 Quidquid
1387 2287 1392 2294 ,

303 2360 427 2424 autem
440 2348 566 2424 Julius
583 2346 715 2446 Soury,
734 2347 937 2421 secundum
950 2346 1154 2422 Henricum
1169 2347 1280 2435 Voss,
1305 2348 1352 2422 de

301 2483 472 2559 libertina
494 2493 618 2557 narrat
644 2507 729 2557 vere
750 2481 908 2555 oriunda
935 2507 983 2556 ex
1011 2482 1134 2556 insula
1153 2455 1246 2557 Ilelo
1274 2481 1354 2578 (ubi

302 2629 392 2694 tunc
405 2616 580 2717 temporis
595 2615 751 2691 celebres
778 2616 916 2690 fiebant
930 2616 1197 2715 mancipiorum
1214 2641 1352 2692 merca-

300 2757 421 2844 turae),
449 2777 547 2826 mere
572 2750 759 2825 fabulatur
782 2779 790 2825 :
815 2761 992 2850 tanquam
1012 2751 1152 2825 nesciat
1166 2777 1246 2826 eam
1265 2777 1350 2826 con-

301 2885 535 2961 suetudinem
563 2884 676 2959 suisse
704 2883 882 2958 Romanis
901 2886 1122 2959 eroticorum
1146 2885 1351 2960 carminum

301 3021 521 3115 auctoribus,
537 3030 581 3094 ut
606 3019 740 3094 amicas
755 3019 882 3119 graecis
907 3020 1173 3118 cognomentis,
1189 3030 1227 3094 at
1240 3019 1352 3118 sylla-

300 3153 429 3229 barum
443 3179 597 3229 numero
610 3152 852 3268 prosodiaque
864 3153 1058 3240 similibus,
1073 3166 1349 3254 nuncuparent,

301 3290 586 3389 haudquaquam
599 3289 763 3386 ipsarum
773 3289 878 3362 famae
891 3288 1063 3387 parcendi
1076 3316 1195 3380 causa,
1212 3291 1275 3365 sed
1288 3290 1350 3364 ad-

301 3424 413 3499 dendi
425 3425 559 3523 poetici
577 3423 768 3520 cujusdam
787 3423 926 3498 decoris
936 3453 946 3518 3
968 3424 1020 3498 ita
1036 3434 1079 3498 ut
1091 3435 1269 3522 protervae
1282 3450 1353 3522 pe-

302 3558 380 3632 licis
398 3584 547 3649 nomen,
562 3557 873 3657 quemadmodum
886 3557 1106 3639 honestioris
1120 3557 1296 3649 mulieris,
1311 3557 1353 3630 in

337 3888 376 3960 (1)
389 3885 482 3943 Ovidii
503 3903 610 3942 versum
630 3904 711 3958 supra
731 3885 848 3940 vidimus
869 3885 940 3957 (cap.
956 3885 993 3956 1),
1008 3887 1148 3942 Tibullum
1163 3904 1209 3945 an.
1226 3887 1278 3944 726
1293 3885 1354 3957 jam

300 3983 393 4033 notum
406 3975 574 4047 perhibentis
588 3976 672 4031 :ideo
686 3981 729 4031 sat
742 3974 889 4031 verisimile
910 3975 1028 4031 arbitror
1042 3994 1096 4030 non
1111 3977 1193 4032 modo
1204 3977 1240 4031 el.
1254 3977 1281 4042 I,
1306 3976 1353 4046 10,

300 4083 394 4121 verum
408 4065 492 4122 etiam
505 4069 559 4120 tres
573 4066 673 4137 primas
687 4066 720 4120 de
736 4064 815 4119 Delia
830 4064 931 4134 elegias
948 4065 976 4120 id
993 4067 1122 4137 temporis
1138 4065 1300 4122 innotuisse.
1316 4097 1354 4108 -

301 4155 374 4210 Num
392 4161 447 4210 tres
468 4155 523 4209 illae
543 4155 638 4226 elegiae
661 4155 748 4227 primo
764 4153 847 4225 (quod
860 4154 947 4210 credit
960 4157 1101 4230 Baehrens)
1114 4155 1265 4212 distinctim
1279 4155 1354 4210 edita

302 4245 366 4313 sint,
382 4261 415 4298 ne
429 4245 585 4314 conjectare
600 4245 708 4315 quidem
723 4260 874 4316 possumus.
