3134 5104
712 566 759 582 ..
787 529 833 599 38
859 569 906 580 ..

297 671 382 748 Toti
398 685 521 751 autem
541 677 695 752 carmini
724 676 858 751 titulus
883 677 1025 775 imponi
1040 678 1178 776 possit:
1202 677 1241 750 in
1258 674 1345 748 Bel-

294 805 374 881 lum
396 808 484 882 dirae
511 809 570 885 vel
595 810 701 884 Pacis
725 809 861 904 laudes,
883 811 984 885 illius
1008 811 1205 886 dumtaxat
1230 810 1343 908 pacis,

296 967 441 1040 quama
457 944 630 1043 pastorali
642 945 848 1043 agrestique
866 944 1134 1043 tranquillitate
1152 969 1346 1043 nunquam

300 1075 470 1152 Tibullus
485 1079 668 1179 sejungat.
686 1077 887 1155 Exseerato
901 1079 1063 1179 primum
1077 1079 1174 1156 bello
1189 1079 1347 1178 bellique

301 1237 408 1287 causa
426 1213 587 1306 avaritia,
611 1212 736 1287 statim
763 1223 890 1308 eontra
922 1213 1073 1311 ponitur
1097 1213 1242 1288 rustioae
1259 1213 1347 1287 vitae

161 1367 165 1376 ·
299 1345 439 1442 poetice
468 1345 648 1444 descripta
683 1345 856 1440 felicitas3
894 1346 957 1420 sed
989 1346 1220 1445 phantasiam
1245 1345 1347 1445 puris

298 1479 444 1578 gaudiis
457 1479 712 1579 indulgentem
726 1491 901 1580 pungunt
914 1480 1115 1556 identidem
1132 1490 1348 1580 anguntque

298 1613 435 1689 bellioae
448 1614 628 1714 imagines
638 1645 648 1710 ;
660 1641 762 1689 nunc
774 1615 873 1690 tubae
884 1615 1035 1715 clangor
1053 1615 1186 1708 audiri,
1200 1614 1349 1690 hostilia

298 1749 397 1824 cerni
409 1748 494 1836 tela,
511 1775 612 1824 nune
626 1760 794 1848 prompta
819 1775 893 1825 nex
918 1751 1051 1849 paveri,
1075 1750 1226 1826 infernae
1248 1760 1347 1825 tene·

254 1936 258 1946 -
295 1884 381 1978 brae,
412 1883 542 1984 Stygia
564 1896 705 1984 stagna,
732 1884 868 1983 pallida
904 1884 1184 1972 simulacrorum
1212 1885 1342 1977 turba3

296 2019 411 2094 donec
439 2019 520 2094 Pax
553 2019 648 2094 alma
671 2019 748 2094 risu
778 2020 900 2095 omnia
929 2030 1084 2106 serenat,
1122 2019 1348 2119 quiescitque

298 2164 413 2253 poetae
425 2180 529 2230 mens
542 2155 581 2228 in
595 2154 737 2229 ludicro
749 2154 892 2254 idyllio,
910 2155 1009 2229 unde
1020 2165 1143 2230 tamen
1158 2153 1252 2230 bella
1271 2180 1348 2228 non

298 2289 447 2380 absunt,
458 2299 495 2363 at
510 2288 630 2389 qualia
644 2288 740 2364 bella
753 2289 905 2364 minime
920 2287 1079 2380 Mavors,
1098 2287 1167 2364 soli
1179 2287 1348 2363 Bacchus

299 2418 498 2522 Venusque
510 2424 669 2516 foveant,
688 2423 809 2522 qualia
820 2434 904 2522 post
923 2424 1080 2523 agrestia
1106 2422 1198 2499 festa
1217 2423 1346 2498 saevire

299 2557 439 2660 soleant
449 2557 486 2632 in
496 2583 725 2657 paganorum
737 2559 842 2632 casis.
856 2557 1045 2645 Rusticus,
1057 2585 1076 2633 e
1087 2557 1171 2633 luco
1178 2583 1348 2632 reversus

299 2717 469 2791 meroque
482 2693 647 2786 madens,
664 2694 785 2766 rixam
799 2719 883 2767 oum
909 2719 1027 2768 uxore
1047 2693 1176 2769 inserit
1196 2722 1205 2767 :
1223 2691 1349 2767 convi-

299 2827 364 2920 cia,
379 2828 528 2903 verbera
543 2827 736 2922 oriuntur;
752 2828 885 2902 femina

379 3033 446 3096 Flet
461 3039 576 3096 teneras
589 3033 713 3096 subtusa
726 3051 827 3113 genas,
842 3031 893 3094 sed
904 3031 1000 3095 vietor
1013 3036 1043 3093 et
1053 3030 1116 3112 ipsa

442 3151 509 3212 Flet
523 3149 581 3212 sibi
594 3149 745 3212 dementes
758 3155 821 3213 tam
830 3149 959 3212 valuisse
971 3166 1089 3212 manus.

303 3363 425 3452 Unde,
440 3366 487 3441 ad
507 3390 668 3440 amorem
685 3365 806 3439 flexus
836 3375 951 3464 poeta,
969 3374 1098 3463 suapte
1120 3372 1209 3438 vota
1230 3362 1342 3461 profi-

302 3508 402 3573 tetur
416 3528 425 3573 t

385 3732 723 3750 ...........
749 3686 861 3763 Quater
874 3647 923 3747 ille
934 3684 1040 3748 beatus

442 3804 507 3881 Quo
518 3809 620 3866 tenera
633 3803 710 3866 irato
724 3803 794 3865 flere
808 3802 906 3884 puella
918 3803 1033 3884 potest!
1056 3867 1059 3874 ,

302 4045 339 4108 et
357 4033 430 4109 leni
442 4034 509 4110 hae
528 4034 798 4109 exclamatione
821 4043 922 4108 totus
941 4035 1021 4131 jam
1043 4034 1150 4109 nobis
1170 4040 1343 4131 apparet:

304 4178 347 4242 ut
370 4169 467 4244 enim
491 4169 586 4244 ruris
611 4168 767 4263 dilectio,
794 4193 928 4268 magna
956 4168 1174 4243 Tibullianae
1197 4189 1344 4265 poeseos
