3116 5104
610 573 660 587 ..
689 535 733 608 13
764 577 809 588 ..

180 681 280 757 verit
295 711 303 756 :
317 683 477 758 istorum
490 707 658 760 amorum
671 711 747 760 non
759 686 877 784 magis
892 686 1109 784 scriptorem
1122 686 1235 761 fuisse

182 814 388 908 Tibullum,
402 843 515 915 quam
523 828 698 908 actorem,
710 821 791 918 ipso
810 847 917 920 opere
941 822 1031 897 satis
1056 844 1237 920 superque

180 948 472 1027 demonstratur.
489 950 663 1028 Carmina
688 954 787 1030 enim
806 955 872 1030 illa
890 957 930 1030 in
948 979 1133 1031 summam
1150 980 1234 1030 con·

182 1088 372 1198 sideranti,
388 1090 501 1166 homo
523 1092 672 1168 videtur
697 1119 845 1169 morum
869 1095 1094 1172 verecundia
1110 1093 1236 1169 lauda·

182 1224 283 1317 bilis,
296 1227 336 1302 in
357 1233 435 1300 arte
459 1238 584 1304 autem
606 1227 755 1302 amandi
777 1228 1049 1304 inscitissimus
1067 1226 1158 1322 ;ubi
1172 1225 1237 1301 Ti·

181 1359 307 1436 bullus
324 1363 429 1438 molli
444 1363 635 1461 voluptate
658 1361 760 1454 calet,
777 1360 938 1461 frigidus
954 1390 964 1455 3
987 1360 1052 1436 ubi
1066 1359 1238 1437 Tibullus

182 1493 343 1571 dolendo
369 1497 541 1583 delectat,
570 1495 757 1570 fastidiose
783 1494 1115 1588 lacrimabundus3
1133 1494 1238 1594 inge·

183 1629 290 1702 nium
302 1630 438 1730 ubique
450 1631 588 1705 siccum
601 1639 639 1704 et
659 1627 834 1704 anhelum
850 1658 860 1723 ;
876 1629 1095 1727 importuna
1108 1625 1238 1702 verbo-

184 1788 269 1837 rum
280 1763 529 1862 amplificatio,
544 1764 743 1839 affectuum
758 1763 816 1838 vis
830 1776 867 1838 et
879 1764 1095 1863 progressio
1106 1761 1211 1837 nulla
1227 1789 1239 1854 3

186 1897 345 1996 plurima
371 1899 448 1974 sive
465 1899 505 1972 in
532 1898 799 1974 sententiarum
822 1898 984 1992 delectu,
1005 1899 1082 1973 sive
1110 1898 1150 1971 in
1163 1896 1238 1972 elo-

187 2032 426 2132 cutionequaa
447 2043 543 2108 certe
571 2033 796 2108 imitatorem
819 2032 958 2107 Tibulli
979 2032 1164 2122 servilem,
1180 2056 1241 2106 ne·

187 2193 372 2266 quaquam
420 2167 545 2266 ipsum
606 2166 797 2241 Tibullum
848 2167 1084 2255 denuntiant,
1123 2164 1241 2240 veluti

187 2295 369 2394 praecipue
393 2295 459 2370 illa
483 2297 656 2371 funerum
676 2295 888 2372 futurorum
907 2295 1104 2393 descriptio
1122 2294 1180 2393 (el.
1201 2298 1238 2387 3,

186 2459 226 2508 v.
249 2435 367 2532 9·30),
386 2433 433 2508 ad
462 2433 652 2532 exemplar
680 2433 728 2508 el.
760 2432 790 2526 I,
814 2437 834 2508 1
863 2475 912 2490 -
940 2432 1003 2508 sed
1029 2458 1140 2533 quam
1164 2432 1242 2508 fuse

187 2579 226 2644 et
238 2567 362 2666 inepte
377 2569 387 2643 l
402 2611 452 2626 --
463 2593 651 2667 expressa.
672 2567 711 2643 si
731 2567 883 2667 singula
893 2569 1005 2645 verba
1017 2567 1240 2666 inspexeris,

187 2702 308 2778 multa
325 2702 477 2778 minime
501 2701 714 2776 Tibulliana
743 2713 952 2796 occurrunt,
973 2727 1133 2800 nempe:
1158 2725 1242 2800 par-

187 2834 312 2909 ticulae
336 2837 580 2933 conjunctivae
599 2834 690 2911 Tib.
716 2835 841 2910 alienae
860 2835 1004 2933 (autem,
1030 2859 1132 2935 erpo,
1157 2859 1242 2933 qua·

188 2993 241 3061 re,
255 2969 340 3066 ete.)
356 2997 430 3063 3-
443 2971 605 3068 quamvis
629 2995 716 3044 oum
737 2969 943 3044 indicativo
967 2979 1222 3044 constructum
1232 2992 1243 3061 ;

189 3144 240 3158 -
250 3103 412 3201 epitheta
420 3103 591 3203 quaedam
604 3103 644 3177 in
655 3103 847 3178 fastidium
861 3103 992 3179 iterata
1008 3102 1149 3194 (niveus,
1162 3128 1243 3178 ran·

190 3238 308 3328 didus,
335 3237 419 3333 ete.)
431 3266 441 3331 ;
464 3281 513 3292 -
540 3238 695 3338 puerilia
719 3263 905 3338 paromoea
934 3237 1066 3334 (4,10,
1094 3236 1246 3312 saliente

192 3372 285 3466 sale3
302 3375 346 3446 69
361 3397 431 3470 sq„
446 3398 623 3448 sonora...
641 3398 773 3468 sonos;
791 3376 824 3465 5,
841 3374 875 3465 2,
891 3371 1035 3448 unda...
1052 3371 1245 3464 adeunda3

192 3508 238 3580 25
255 3532 324 3605 sq„
344 3516 533 3581 senecta...
559 3506 687 3604 senex)
705 3534 715 3598 ;
731 3543 782 3560 -
805 3504 973 3580 colorum
997 3503 1247 3602 oppositiones

194 3640 347 3737 (lutea...
362 3639 536 3734 niveum;
562 3640 761 3718 candida...
787 3640 915 3738 nigra3
942 3638 1090 3713 niveo...
1107 3663 1244 3736 purpu-

189 3799 272 3848 reus
286 3802 296 3867 ;
308 3770 403 3872 eto),
417 3773 543 3872 quales
557 3784 614 3848 ter
627 3774 776 3858 omnino
787 3773 847 3848 vel.
861 3773 917 3847 bis
941 3770 990 3871 (1)
1009 3771 1107 3870 apud
1123 3781 1247 3846 totum

229 3952 268 4024 (1)
285 3951 341 4022 Bis,
355 3949 378 4005 si
392 3949 502 4021 quidem
522 3950 555 4006 iis
574 3951 707 4024 (Gruppe‚
722 3949 864 4024 Baehrens)
880 3948 1010 4021 creditur,
1025 3948 1072 4019 qui
1088 3966 1142 4005 non
1155 3949 1245 4020 inepte

193 4041 310 4113 garrula
327 4057 375 4112 pro
387 4041 489 4096 carulo
503 4047 607 4111 ponunt
620 4041 649 4095 in
664 4042 716 4096 hoo
728 4058 807 4096 versu
821 4039 858 4099 el.
871 4038 896 4108 1,
912 4039 927 4094 7
946 4057 954 4092 :

413 4127 509 4178 Cornuti
525 4137 548 4178 et
559 4130 614 4178 flavi
627 4131 713 4178 oaerula
727 4131 825 4193 lympha
836 4129 913 4190 higer.

192 4211 264 4265 Nota
278 4207 420 4282 epitheton
434 4209 564 4276 ceruleus
578 4208 607 4263 in
621 4209 751 4264 inferiore
765 4207 882 4264 disticho
893 4208 993 4263 iterum
1013 4221 1167 4264 occurrere.
1249 4229 1251 4236 ,
