3134 5104
745 433 940 503 ...84-

314 593 436 676 centc3
452 580 558 658 alteri
583 582 635 679 (vr
667 579 799 672 35-58)
825 581 978 678 querelae
1001 583 1046 658 de
1071 583 1194 682 praeda
1216 582 1352 670 insunt,

313 740 378 815 per
386 740 476 816 quas
491 713 657 792 Nemesis
681 715 818 789 luxum
840 715 1151 816 cupiditatemque
1167 719 1247 816 jam
1265 741 1357 816 pers·

316 850 433 950 picere
450 851 626 950 coepimus
641 881 651 946 ;
666 849 777 925 tertio
792 849 829 948 (v
859 850 980 948 59-80)
1000 851 1139 927 accedit
1153 852 1361 950 imprecatio

316 986 356 1059 in
372 996 573 1061 amatorem
589 986 654 1086 qui
662 984 850 1061 Nemesim
864 986 910 1060 ab
925 986 1016 1062 urbe
1030 987 1198 1081 abduxit,
1211 987 1252 1060 in
1271 985 1361 1085 agri·

319 1118 501 1196 culturam
519 1123 622 1219 cujus
636 1145 744 1195 causa
759 1121 838 1218 ipse
849 1132 905 1196 est
924 1119 1072 1196 Nemesi
1085 1123 1249 1197 orbatus

368 1254 537 1328 Tibullus
555 1255 668 1328 finem
682 1253 879 1352 superioris
899 1256 1070 1329 carminis
1084 1255 1237 1331 faciebat
1252 1254 1365 1328 decla·

318 1389 434 1464 rando
447 1414 532 1483 sese,
550 1389 581 1462 si
595 1387 641 1462 ad
665 1388 862 1485 imperium
882 1389 1041 1464 dominae
1063 1390 1220 1464 sulcaret
1245 1414 1362 1488 agros,

318 1525 418 1600 ultro
429 1523 586 1616 vincula,
595 1523 694 1597 ultro
704 1523 855 1598 verbera
869 1523 1123 1598 toleraturum.
1140 1522 1255 1598 Initio
1273 1524 1319 1598 el.
1332 1529 1363 1616 l,

317 1658 531 1734 continuata
554 1656 777 1756 metaphora,
797 1681 816 1730 c
837 1658 1031 1732 servitium
1050 1658 1154 1732 triste
1179 1681 1212 1751 a,
1236 1684 1364 1757 graves

319 1817 338 1867 o
353 1803 498 1868 catenas
514 1815 532 1864 a
546 1792 734 1891 queritur3
750 1801 787 1865 et
799 1791 1006 1865 miseranda
1027 1817 1137 1866 voce:
1161 1789 1286 1880 Nunc,
1304 1793 1363 1884 ait,

359 2112 361 2114 -
420 2064 510 2130 Nu'nc
524 2073 555 2128 et
568 2085 670 2128 amara
683 2066 748 2128 dies
757 2072 787 2126 et
799 2067 896 2128 noctis
908 2067 1035 2130 amarior
1049 2067 1154 2128 umbra
1168 2073 1225 2138 est,

482 2183 593 2246 Omnia
606 2202 687 2244 nuno
700 2181 779 2244 tristi
794 2189 930 2262 tempora
945 2182 1011 2244 felle
1026 2183 1157 2246 madent.

320 2471 398 2546 Nec
420 2471 501 2568 jam
526 2470 570 2545 de
596 2469 756 2556 absentis
787 2469 974 2544 desideriis
1007 2469 1156 2570 agitur:
1188 2470 1370 2545 redundat

321 2606 462 2681 exclusi
476 2605 632 2679 amantis
648 2605 764 2678 dolor.
784 2603 928 2703 Quippe
939 2630 1003 2703 per
1021 2605 1183 2679 carmina
1201 2604 1370 2678 Tibullus

322 2769 357 2818 se
383 2741 606 2840 placiturum
622 2738 771 2814 Nemesi
790 2739 973 2837 speravit;
999 2737 1167 2814 Nemesis
1189 2766 1276 2814 vero
1294 2766 1371 2814 car·

321 2879 422 2953 mina
446 2902 574 2975 parum
592 2885 706 2966 curat,
729 2874 889 2972 pretium
921 2900 1037 2972 usque
1058 2875 1212 2974 flagitat,
1237 2899 1370 2974 paupe·

322 3015 424 3113 rique
437 3022 555 3110 poetae
581 3009 718 3084 claudit
727 3009 894 3106 januam.
913 3007 1006 3082 Inde
1020 3009 1238 3084 malesuada
1261 3010 1371 3083 luxu·

323 3150 384 3222 riae
399 3145 603 3236 detestatio,
619 3143 705 3218 inde
720 3138 860 3216 diraein
878 3167 1025 3216 avaram
1035 3142 1236 3218 dominam.
1255 3143 1371 3236 Quor·

325 3308 408 3357 sum
432 3292 556 3356 tamen
570 3289 676 3353 taetra
704 3278 767 3351 illa
795 3277 894 3351 dicta
918 3278 1107 3352 evadant?
1127 3290 1170 3353 ut
1194 3279 1374 3353 submisse

323 3417 473 3492 tandem
497 3415 678 3498 fateatur:
695 3436 713 3486 s
729 3412 840 3487 modo
854 3438 912 3486 me
936 3410 1103 3487 Nemesis
1118 3439 1198 3488 mea
1227 3413 1372 3511 placido

322 3551 431 3626 vultu
459 3549 593 3634 videat,
624 3548 723 3622 mille
747 3571 888 3622 venena
914 3547 1064 3621 bibam!
1091 3571 1109 3620 a
1145 3548 1193 3645 (v.
1212 3552 1265 3622 59
1297 3550 1367 3648 sq.)

371 3685 515 3786 Ignara
544 3684 609 3758 illa
645 3683 801 3756 amantis
835 3682 874 3754 in
916 3692 1075 3755 amatam
1105 3683 1372 3782 obtemperatio

322 3820 465 3922 egregie
492 3821 532 3892 in
557 3818 601 3892 el.
621 3822 874 3910 6ostentatur,
897 3843 992 3916 quae,
1016 3828 1059 3890 ut
1087 3817 1178 3890 mihi
1209 3817 1370 3906 videtur,
1500 3813 1501 3820 '

323 3956 522 4056 elegiarum
544 3953 589 4028 de
606 3952 642 4028 N
644 3951 755 4026 emesi
774 3950 1087 4026 miserabilissima
1108 3963 1214 4028 estet
1235 3951 1370 4049 perfec·

324 4093 478 4166 tissima.
493 4087 607 4187 Optat
619 4086 787 4159 Tibullus
799 4111 882 4158 oum
893 4111 960 4159 suo
973 4083 1095 4160 Macro
1109 4098 1225 4162 castra
1237 4098 1371 4185 petere,
