3134 5104
614 589 655 604 ...
689 547 734 620 53
760 585 809 596 ..

189 701 321 776 midini
334 727 416 800 spes
430 699 547 776 Deliae
569 692 856 798 complectendae
869 719 879 784 ;
894 697 930 764 et
943 682 1067 784 elegiae
1081 679 1122 752 in
1139 697 1239 750 sum-

187 861 288 912 mam
304 861 495 935 processus
515 833 576 910 hic
598 842 663 927 est,
677 839 721 906 ut
733 827 930 928 primuma
950 813 1110 896 turbidis
1133 805 1241 886 atris·

189 953 261 1072 que
274 971 383 1047 rebus
398 979 542 1059 exorta,
561 991 687 1044 serena
701 962 851 1042 tandem
869 954 1104 1055 adipiscatur.
1203 1011 1205 1016 .

240 1103 492 1182 Pulcherrima
502 1103 564 1180 illa
579 1103 625 1180 el.
638 1105 659 1178 3
670 1100 770 1200 prior
779 1087 1055 1172 consuetudinis
1069 1105 1153 1184 pars
1167 1088 1237 1154 ter·

188 1237 361 1334 minatur,
373 1265 455 1338 quae
467 1238 629 1338 quidem,
639 1233 796 1312 etaitam
807 1227 936 1304 multae
953 1223 1083 1301 insunt
1095 1211 1240 1294 dabelli

187 1373 441 1467 incommodis,
459 1369 650 1471 depuellae
662 1365 843 1458 custodia,
857 1362 903 1439 de
909 1362 985 1436 leto
998 1349 1148 1455 urgenti
1155 1371 1240 1450 que-

189 1505 283 1603 relae,
298 1532 471 1607 prospera
483 1503 692 1604 nuncupari
703 1510 825 1602 potest
843 1492 1036 1574 :Tibullus
1051 1487 1150 1566 enim
1161 1483 1239 1558 hu-

189 1667 326 1742 cusque
347 1652 493 1720 amatus
514 1639 664 1716 amavit.
697 1636 886 1714 damnunc
908 1630 969 1728 (el.
995 1631 1078 1703 5-et
1096 1622 1149 1720 6.)
1172 1645 1240 1720 pu-

188 1803 273 1852 rum
298 1747 429 1852 caelum
455 1776 584 1852 nubila
609 1774 810 1850 obscurant
822 1798 832 1862 ;
861 1769 943 1866 jam
968 1758 1142 1839 Tibullus
1162 1779 1239 1830 non

188 1912 299 1988 modo
323 1937 382 1988 res
405 1911 547 2010 patitur
567 1909 762 2004 adversas,
779 1903 842 1982 sed
861 1901 976 2002 ipsius
1008 1889 1242 1974 excruciatur

189 2047 320 2146 puellm
331 2046 494 2123 levitate.

232 2185 380 2285 Nempe
404 2185 534 2261 illuxit
562 2183 625 2260 ille
638 2183 726 2275 dies,
741 2205 852 2281 quem
869 2177 909 2251 in
922 2176 997 2250 fine
1023 2171 1100 2248 el.3
1128 2189 1240 2262 expe-

188 2321 236 2396 tit
246 2332 290 2397 ut
305 2321 375 2396 sibi
387 2319 514 2421 sospiti
530 2319 677 2394 Aurora
1289 2308 1291 2312 '

412 2581 418 2594 .
465 2579 473 2594 .
518 2581 523 2594 .
559 2531 652 2596 roseis
668 2527 796 2595 candida
810 2524 1016 2610 portetequis.

189 2759 276 2834 Dies
289 2785 376 2835 vero
394 2784 461 2857 pro
478 2757 631 2857 operatis
643 2740 789 2854 gaudiis
801 2759 959 2852 quantos
974 2768 1130 2846 angores
1154 2738 1242 2814 alla-

188 2900 322 2974 turusl
348 2898 512 2972 Amatori
547 2895 703 2988 cuidam,
732 2893 794 2968 cui
834 2888 1026 2965 Tibullum
1054 2881 1243 2957 absentem

189 3033 361 3138 praesagis
371 3031 537 3108 versibus
548 3031 605 3130 (el.
619 3035 652 3126 3,
661 3057 698 3104 v.
708 3031 753 3104 81
766 3029 835 3128 sq.)
847 3022 1059 3126 maledicere
1066 3015 1240 3106 vidimus,

188 3167 307 3260 Delia,
327 3167 481 3267 pellecta
506 3165 624 3264 donis,
647 3163 822 3254 indulsit3
841 3157 1013 3236 «fruitur
1036 3178 1136 3229 nunc
1151 3149 1241 3224 alter

189 3300 342 3378 ancorel
364 3326 383 3376 a
401 3300 510 3394 Quid,
523 3301 580 3376 his
591 3300 803 3399 compertis,
818 3296 967 3371 delusus
982 3314 1109 3366 amans
1124 3285 1240 3387 egerit

189 3463 237 3512 ex
251 3437 297 3512 el.
307 3440 328 3510 5
339 3435 445 3511 initio
458 3435 698 3534 perspicimus
712 3445 890 3531 :stupere
900 3423 1099 3526 indignari,
1113 3444 1239 3521 aspera
1359 3499 1360 3503 Ἴ

118 3667 120 3672 Ι
189 3583 225 3649 et
239 3570 436 3670 magnifica
448 3570 562 3671 loqui,
579 3571 799 3669 sempiterna
803 3569 929 3665 jurare
947 3559 1099 3656 oblivia3
1113 3555 1240 3634 statim

190 3717 231 3782 ut
260 3704 440 3800 discessit,
469 3705 621 3780 moleste
644 3706 736 3780 ferre
764 3700 972 3790 discidium,
1003 3693 1137 3795 agitari
1167 3692 1241 3766 huc

189 3841 280 3915 illuc

354 4045 362 4062 .
405 4047 413 4063 .
457 4006 491 4061 ut
505 4019 558 4078 per
575 3999 665 4080 plana
677 3998 755 4060 citus
774 3996 836 4060 sola
849 3995 970 4058 verbere
985 3992 1107 4060 turben,

190 4191 305 4267 facere
342 4189 493 4264 demum
532 4189 630 4287 quod
657 4188 874 4288 plerumque
911 4186 955 4260 fit
991 4182 1030 4254 in
1054 4173 1241 4254 amatoriis
