3116 5104
739 567 934 638 ,32-

371 716 473 816 Ergo
501 718 612 814 paulo
638 730 721 815 post
741 718 980 817 Aquitanicas
1005 741 1062 790 res
1094 741 1198 788 suam
1225 714 1372 789 Deliam

322 876 441 926 amare
456 862 492 925 et
505 851 682 926 celebrare
699 851 869 926 Tibullus
885 851 1080 948 inceperat.
1097 847 1225 948 Neque
1237 849 1371 922 abhinc

323 984 437 1059 caelibi
473 985 604 1082 juveni
637 985 764 1059 Romae
799 985 957 1085 degenti,
988 983 1127 1083 insigni
1156 983 1273 1056 forma
1302 982 1313 1078 (
1338 984 1368 1082 l,

322 1130 447 1194 tenero
460 1118 648 1218 calidoque
657 1120 789 1206 animo,
807 1119 947 1194 occasio
954 1099 1072 1192 defuit
1084 1118 1229 1191 dulcem
1240 1115 1369 1215 volup·

323 1263 443 1327 tatum
459 1253 659 1327 amaritiem
681 1255 814 1352 saepius
833 1253 1057 1352 experiendi.
1083 1250 1177 1325 lude
1193 1250 1372 1350 reliquam

321 1387 438 1462 vitam
455 1387 642 1461 amoribus
668 1397 749 1461 tum
774 1389 983 1481 sentiendis,
1008 1397 1089 1460 tum
1109 1384 1371 1460 adumbrandis

320 1520 530 1619 impendere
548 1521 738 1616 Tibullus3
753 1521 921 1614 urbanas
938 1521 1093 1595 rusticas
1108 1520 1255 1594 delicias
1279 1519 1370 1592 mis·
1445 1603 1451 1612 ‚

321 1681 421 1748 cere3
451 1655 639 1729 interdum
665 1656 703 1729 in
731 1658 851 1754 patrio
877 1655 992 1728 fundo
1019 1654 1078 1730 vel
1112 1655 1191 1728 cin
1220 1654 1370 1752 regione

324 1788 473 1862 Pedana
507 1789 557 1886 (2)
579 1813 610 1882 a,
645 1790 709 1864 ubi
744 1788 912 1864 villulam
958 1789 1110 1863 sortasse
1147 1787 1370 1886 possidebat,

322 1922 442 2012 otiari,
462 1923 617 1997 scribere
633 1922 769 2022 elegoS,
782 1924 863 2012 rite,
880 1933 1056 2021 tanquam
1070 1921 1271 2020 agrestium
1287 1920 1371 1994 reli-

321 2058 476 2156 gionum
492 2057 792 2149 studiosissimus,
811 2056 968 2130 Laribus
981 2057 1091 2130 offere
1106 2055 1180 2128 liba
1192 2080 1373 2153 agnamve

323 2201 480 2265 mactare
491 2219 500 2284 3
513 2217 608 2289 saepe
623 2190 750 2266 Romae
767 2191 974 2265 conversari
996 2216 1080 2264 cum
1097 2188 1266 2279 Messala,
1293 2215 1372 2263 car·

321 2325 493 2424 minaque
517 2324 667 2398 recitare
701 2325 740 2397 in
768 2327 950 2423 frequenti
982 2325 1211 2422 poetantium
1237 2323 1372 2398 circulo

321 2485 413 2558 quos
440 2456 595 2533 Messala
613 2459 766 2532 domum
798 2487 901 2533 suam
931 2459 1161 2534 admittebat.
1190 2459 1248 2532 De
1267 2458 1370 2532 soda-

320 2593 404 2667 licio
438 2593 505 2668 illo
532 2593 694 2669 litterato
722 2621 841 2692 nuper
870 2594 1044 2668 Baehrens
1076 2605 1153 2668 tam
1186 2592 1372 2667 luculente

317 2726 507 2810 disseruit,
521 2739 563 2802 ut
578 2754 655 2802 rem
669 2728 826 2826 amplius
841 2729 900 2802 bic
913 2729 1086 2826 expedire
1100 2754 1176 2802 non
1190 2754 1282 2826 opus
1299 2729 1345 2801 sit
1361 2757 1370 2801 :

323 2862 410 2935 satis
422 2872 477 2936 est
495 2874 623 2936 notare
638 2861 828 2936 Tibullum
849 2889 933 2936 cum
952 2862 1117 2961 Vergilio
1139 2862 1249 2960 longe
1272 2861 1370 2959 prin·

323 2996 439 3093 cipem
461 2997 500 3069 in
526 3023 569 3071 eo
596 3009 691 3071 coetu
713 2997 919 3089 eminuisse,
947 2997 1006 3070 cui
1027 2996 1207 3085 AEmilius
1236 2994 1368 3086 Macer,

323 3130 480 3230 Valgius
509 3131 639 3223 Rufus,
671 3131 807 3208 Sextus
825 3128 1060 3229 Propertius,
1089 3157 1179 3204 mox
1209 3130 1370 3230 Sulpicia

322 3265 443 3363 puella
469 3275 505 3338 et
536 3265 783 3340 adulescentes
812 3266 1067 3364 «Lygdamus
1096 3289 1113 3338 a
1143 3263 1371 3362 Ovidiusque

321 3410 660 3474 annumerarentur.
683 3399 830 3492 Quanta
845 3411 968 3474 autem
981 3399 1076 3472 fama
1097 3410 1132 3473 et
1154 3398 1371 3472 auctoritate

320 3555 473 3632 uterque
490 3535 665 3627 floruerit,
685 3561 731 3608 ex
760 3562 802 3610 eo
827 3545 989 3634 apparet,
1019 3534 1117 3632 quod
1143 3559 1271 3608 eorum
1295 3558 1369 3606 car-

321 3669 422 3741 mina
441 3668 636 3766 diligenter
648 3670 888 3745 imitabantur
897 3670 1074 3768 junioreS,
1091 3668 1189 3743 edita
1204 3669 1372 3765 deinceps

236 3877 241 3892 ,
322 3803 385 3876 illa
412 3803 648 3878 'miscellanea
680 3805 849 3904 Vergilii,
878 3804 1016 3879 Tibulli
1051 3804 1200 3878 nomine
1225 3804 1371 3878 decora-

359 4054 395 4124 (ll
412 4052 521 4122 Horat,
543 4057 632 4124 Epist.
648 4055 745 4123 11,10.

359 4143 395 4211 (2)
412 4142 521 4202 Horat..
540 4143 612 4202 lbld.

359 4230 394 4301 (3)
411 4231 477 4289 Vid.
495 4232 786 4300 TibulliscbeBlaettcr,
804 4235 834 4292 V.
