3134 5104
598 590 648 602 ..
674 551 719 621 57
745 591 794 602 -

172 696 270 792 68¹).
299 695 398 791 Quin
447 699 569 796 etiam,
620 698 705 775 lieet
751 698 921 775 hortetur
972 699 1134 799 puellam
1173 723 1221 775 ne

405 967 485 1013 soevo
498 949 539 1013 ait
553 953 635 1013 easta
649 953 741 1022 metu,
762 947 815 1012 sed
832 953 933 1013 menta
947 947 1041 1026 fideli,

173 1193 362 1272 interdum
371 1207 506 1276 terrere
518 1197 874 1276 conaturverbarum
883 1197 994 1274 minis
1010 1199 1063 1296 (v.
1079 1201 1100 1272 7
1103 1200 1124 1273 3
1135 1199 1223 1299 sq.),

173 1336 309 1407 terrere
327 1358 471 1434 quoque
488 1333 727 1409 describendo
746 1358 859 1433 quam
878 1333 1011 1409 misera
1032 1332 1224 1432 turpisque

174 1476 342 1541 senectus
353 1467 543 1544 mulierem
563 1477 709 1544 maneat
720 1467 906 1543 infidelem
918 1469 970 1563 (v.
985 1468 1127 1563 77-84).
1141 1467 1224 1541 Per·

177 1608 343 1697 spectum
361 1626 408 1676 ex
423 1601 481 1676 hia
494 1602 618 1695 habes,
637 1612 861 1702 quantopere
877 1627 934 1678 res
954 1601 1043 1678 inde
1057 1625 1078 1675 a
1090 1626 1226 1701 praeoe·

177 1732 280 1809 denti
291 1735 450 1811 carmine
464 1735 670 1812 immutatae
700 1736 800 1812 sint:
830 1746 1029 1836 postquam
1054 1746 1164 1835 poeta
1188 1735 1227 1809 in

175 1866 218 1943 el.
245 1869 267 1941 5
294 1868 410 1966 ipsius
424 1868 543 1945 Deliae
559 1872 715 1946 affectus
733 1895 893 1960 movere,
910 1869 1071 1970 gratiam
1084 1881 1228 1967 captare

176 2001 347 2094 tentavit,
370 2003 411 2078 in
437 2002 484 2079 el.
514 2008 548 2097 6,
583 2004 713 2095 alienis
742 2005 921 2104 praesidiis
950 2003 1106 2097 innisus,
1133 2001 1228 2076 nihil

177 2135 276 2210 aliud
302 2162 413 2236 quam
432 2139 527 2238 petit
545 2149 589 2214 ut
612 2166 633 2214 a
653 2140 796 2234 marito,
820 2165 841 2214 a
864 2148 981 2214 matre
1001 2138 1228 2213 lascivientia

176 2268 292 2346 libido
313 2271 544 2367 cohibeatur3
570 2273 645 2350 illio
669 2273 729 2348 vel
748 2273 939 2369 suavibus,
959 2272 1018 2348 vel
1042 2272 1226 2348 flebilibus

177 2405 297 2480 verbis
309 2405 459 2481 mollem
472 2391 638 2482 animum
650 2406 850 2502 allectabat,
862 2407 921 2482 hio
932 2408 1076 2484 utinam
1087 2407 1222 2482 divinae
1269 2402 1271 2408 ’

177 2538 419 2640 humanaeque
434 2541 586 2617 ultionis
599 2552 720 2618 metus
747 2569 769 2616 a
792 2541 975 2642 peccando
997 2542 1222 2619 deterreant!

180 2681 358 2796 Quotiens
379 2684 479 2759 illius
504 2685 606 2760 modi
623 2685 796 2760 fomentis
813 2684 956 2784 indiget
968 2709 1080 2780 amor,
1100 2684 1224 2784 despe-

179 2830 259 2895 rato
276 2819 384 2918 plane
395 2820 525 2896 morbo
535 2818 699 2896 laborare
712 2819 872 2895 videtur.
890 2819 940 2895 Et
958 2821 1037 2919 ipse
1056 2819 1228 2896 Tibullus

175 2951 255 3050 jam
267 2978 343 3028 non
358 2964 401 3030 ut
424 2954 668 3055 anteadiligit
681 2981 691 3032 t
705 2955 834 3053 pietas,
855 2953 1108 3029 benevolentia
1131 2963 1229 3028 retro

181 3085 298 3161 abiere
309 3087 470 3181 ;instant
481 3088 895 3194 etiamnunezelotypiae
908 3088 1059 3181 stimuli,
1070 3087 1230 3162 devincit

180 3219 237 3296 vis
254 3222 503 3298 assuetudinis
516 3249 526 3302 ε
540 3223 690 3300 vincula
704 3249 792 3299 vero
800 3223 937 3298 sensim
948 3221 1112 3310 dissolvi,
1129 3245 1229 3294 amo·

180 3382 258 3435 rem
271 3359 318 3434 ad
330 3360 444 3436 finem
462 3386 610 3462 vergere
630 3360 766 3462 ubique
779 3360 969 3436 sentimus.
989 3358 1062 3434 Ars
1084 3357 1135 3432 ibi
1147 3356 1230 3456 pluss

55 3547 56 3556 κ
180 3491 285 3583 rima,
302 3493 417 3569 mirus
433 3495 700 3570 sententiarum
714 3494 887 3593 impetus,
905 3493 1021 3567 mirus
1033 3490 1230 3566 verborum

181 3626 363 3725 splendor,
377 3627 568 3705 deficiente
598 3639 725 3705 tamen
750 3627 886 3704 intimo
904 3627 970 3702 illo
990 3625 1134 3702 fervore
1157 3649 1231 3723 quo

218 3939 253 4012 (1)
263 3938 346 3995 Hane
357 3944 462 4011 partem
472 3945 501 3996 et
514 3939 633 4012 reliquos
650 3955 733 4012 usque
745 3939 781 3995 ad
794 3939 877 3995 finam
890 3955 984 3995 versus
1003 3938 1035 3995 Ο.
1050 3937 1136 4007 Korn,
1150 3935 1233 3992 Souli-

183 4028 302 4100 garianaa
315 4028 425 4099 qnidam
435 4029 558 4086 libidinis
574 4030 698 4103 aemulus,
707 4045 864 4103 expungere
873 4046 908 4084 ex
921 4028 957 4090 al,
969 4025 1081 4084 bvolnit
1094 4031 1122 4081 et
1131 4025 1160 4080 in
1169 4026 1205 4080 al.
1219 4025 1233 4079 1

184 4117 315 4178 inserere.
336 4119 487 4177 Mirandum
513 4121 710 4191 carnificinam,
734 4119 806 4175 unde
823 4119 947 4175 'libellus
972 4115 1073 4190 oppido
1088 4115 1234 4171 dilaniatus

184 4207 290 4264 evadit!
