3134 5104
738 499 933 572 ,ffl-

310 648 359 722 tis
376 648 597 724 clamoribus
610 649 715 724 dolor
728 647 864 744 levari3
879 649 971 724 alter
985 659 1162 747 perpetuo
1173 648 1361 750 languere,

309 782 349 856 ln
362 781 492 860 molles
507 783 673 884 querelas
687 784 880 882 lentosque
893 779 1055 883 gemitus
1079 782 1230 858 effusus.

358 913 420 990 Illi
432 928 556 994 autem
570 915 716 994 eximiae
738 914 920 993 sentiendi
938 915 1073 992 rationi
1090 942 1148 992 ars
1168 925 1207 992 et
1227 916 1364 1015 perseo

309 1049 450 1127 tissima
476 1053 624 1129 accedit.
656 1051 712 1128 Ea
738 1063 795 1128 est
821 1051 861 1126 in
886 1049 1107 1128 Tibullianis
1135 1049 1362 1127 carminibus

309 1181 385 1260 stili
404 1183 557 1283 indoles,
573 1197 617 1263 ut
635 1183 781 1262 nullum
798 1186 908 1287 plane
928 1185 1119 1286 pulchrius
1135 1209 1362 1262 monumen·

308 1331 390 1394 tum
412 1321 572 1421 supersit
600 1345 718 1398 aurea
753 1319 952 1396 latinarum
994 1287 1203 1397 litterarum
1229 1320 1360 1396 atatis.

309 1448 455 1553 Ubique
471 1455 572 1531 enim
587 1481 706 1532 sermo
718 1455 916 1532 verborum
939 1465 1021 1532 tum
1034 1455 1267 1555 proprietate,
1279 1465 1363 1530 tum

309 1583 517 1666 urbanitate
555 1591 727 1685 eximius,
758 1589 894 1666 mirum
928 1591 967 1664 in
999 1569 1170 1666 modum
1186 1588 1360 1690 simplex,

307 1724 532 1824 perspicuus,
557 1749 701 1802 necnon
719 1725 859 1801 floridis
880 1724 1065 1801 coloribus
1087 1749 1203 1826 usque
1224 1723 1360 1800 distin·

309 1869 403 1936 ctus.
414 1859 524 1936 Poeta
532 1871 692 1937 aeterum
707 1862 746 1936 in
761 1860 983 1960 usurpandis
992 1859 1121 1961 figuris
1136 1883 1267 1960 parum
1283 1883 1358 1936 cre·

308 1995 373 2071 ber
388 2020 400 2072 a
416 1993 489 2070 nisi
501 1995 721 2096 apostrophe
737 1994 925 2072 interdum
949 1995 1082 2090 utitur,
1100 2019 1177 2071 non
1201 1995 1256 2071 ita
1274 2018 1358 2072 raro

308 2103 493 2224 antithesi,
508 2131 689 2230 imprimis
704 2139 827 2208 autem
849 2141 887 2208 et
906 2129 1069 2207 multum
1090 2130 1288 2230 anaphora,
1309 2127 1357 2206 ad

308 2287 419 2364 quam
430 2265 648 2341 mirabiliter
659 2265 836 2342 inclinare
855 2265 1003 2342 videtur
1015 2265 1220 2364 ingenium.

356 2397 465 2490 Quod
497 2400 543 2475 ad
570 2400 853 2476 versificandum
878 2401 1027 2494 attinet,
1053 2422 1163 2474 nemo
1187 2397 1360 2474 subtilior

303 2531 421 2631 judex
439 2533 626 2610 dubitabit
651 2535 742 2634 quin
767 2533 969 2638 Tibulliani
990 2531 1096 2634 elegi,
1118 2531 1358 2632 quemadmo-

307 2667 436 2743 duma
458 2667 596 2744 scabris
610 2670 838 2770 rudibusque
855 2667 995 2746 Catulli
1015 2667 1140 2768 elegis,
1156 2689 1234 2742 non
1256 2677 1360 2742 secut

308 2799 553 2902 discrepantes
576 2826 597 2877 a
617 2801 740 2878 fluidis
764 2827 805 2878 aa
827 2802 985 2878 nimium
1009 2802 1116 2878 tersis
1140 2799 1279 2892 Ovidii,
1307 2841 1362 2856 -

309 2935 417 3034 periti
444 2935 644 3012 admodum
668 2936 936 3034 versificatoris,
952 2948 991 3014 at
1005 2935 1194 3012 fastidium
1208 2935 1256 3013 ob
1276 2935 1357 3010 uni-

308 3071 462 3146 formem
479 3069 700 3172 elegantiam
722 3071 896 3170 parientis
911 3071 1096 3170 —ipsum
1114 3069 1357 3171 pulchritudi-

308 3205 365 3279 nis
379 3201 567 3305 fastigium
578 3201 702 3303 adepti
717 3202 803 3281 sint.
823 3203 967 3305 Quippe
979 3202 1079 3304 apud
1095 3203 1203 3278 illum
1213 3227 1358 3279 carmen

307 3339 484 3416 continuo
517 3364 756 3416 numerosum
784 3352 821 3415 et
845 3340 948 3436 lene3
980 3364 1071 3415 rarae
1093 3338 1260 3415 elisiones
1285 3336 1359 3439 (1);

307 3473 474 3549 miranda
509 3473 742 3574 dactylorum
772 3473 1090 3574 spondeorumque
1129 3471 1357 3572 temperatio,

309 3633 532 3686 caesurarum
563 3610 729 3705 variatio,
759 3609 902 3710 rythmi
924 3619 962 3684 et
990 3633 1120 3685 sensus
1143 3607 1360 3702 harmonia3

310 3741 468 3845 denique
493 3743 660 3822 modesta
682 3745 851 3846 quadam
883 3745 1041 3838 lieentia,
1070 3770 1156 3846 qua,
1183 3743 1361 3844 neglectis

309 3879 498 3958 interdum
510 3881 768 3958 communibus
788 3879 949 3958 metrica
968 3878 1155 3980 elegantia
1168 3877 1359 3980 preceptis

343 4067 441 4141 (naa
455 4072 562 4126 tantum
578 4069 681 4126 ocmrit
695 4068 871 4144 productaet
882 4073 1014 4142 compte
1030 4075 1215 4146 συνεκφώνησκ
1233 4063 1275 4140 11,
1286 4063 1357 4137 2,ae

308 4157 458 4230 (vasseto)
470 4166 498 4214 aa
511 4161 552 4230 11,
570 4162 594 4230 1,
609 4162 640 4216 41
660 4161 719 4229 (rats
730 4163 830 4234 eatam).
