3134 5104
745 601 776 612 ..
816 561 863 632 50
887 601 936 614 ..

312 733 434 798 mone,
451 708 580 784 suadet
597 734 644 785 ne
669 710 799 786 timide
832 710 1002 786 custodes
1027 709 1156 787 fallat:
1180 709 1364 784 Venerem

311 843 411 919 enim
425 844 629 943 puellarum
639 843 734 920 dolis
749 845 890 938 favere3
905 843 1087 920 Venerem
1101 843 1227 918 audaci
1236 843 1365 936 iuveni

310 979 376 1078 qui
402 990 517 1054 noctu
537 979 582 1054 ad
613 980 767 1054 amicam
791 979 954 1054 insinuet
981 978 1175 1077 opitulari3
1205 976 1361 1052 Veneris

310 1113 397 1206 iras,
429 1114 561 1212 siquis
585 1139 624 1188 sc
654 1140 739 1188 cum
772 1113 878 1190 Delia
906 1113 1036 1189 furtim
1067 1113 1362 1213 congredientem

313 1247 507 1347 agnoverit
537 1272 604 1323 neo
625 1248 795 1334 tacuerit,
829 1248 1010 1346 proditori
1030 1247 1233 1322 imminere.
1265 1245 1363 1338 Quin

313 1381 425 1456 etiam
458 1381 528 1456 sibi
565 1381 1018 1483 potentissimam-sagam
1049 1382 1190 1482 magica
1218 1405 1367 1478 compo-

313 1515 429 1590 suisse
440 1516 610 1610 carmina,
627 1517 761 1617 quibus
779 1516 1041 1615 adjuvantibus
1057 1518 1223 1615 conjunx
1242 1514 1371 1590 anihil

241 1717 245 1730 ,
309 1650 452 1747 poterit
465 1650 609 1727 credere
632 1653 807 1750 cuiquam
823 1675 842 1724 1)
859 1651 905 1726 de
919 1664 1109 1728 amantum
1132 1651 1252 1725 furtis.
1271 1649 1367 1723 Hac-

312 1794 421 1860 tenus
445 1783 560 1861 Deliae
582 1786 733 1861 timores
751 1787 916 1862 evincere
933 1798 1041 1887 poeta
1065 1786 1239 1863 studuit:
1269 1810 1372 1858 nunc

312 1909 510 1996 teneriores
523 1947 670 1997 movere
683 1948 826 2012 sensus,
842 1947 945 1996 nunc
955 1920 1088 1996 intima
1103 1920 1261 2020 pectoris
1277 1918 1364 1992 insi-

312 2079 427 2130 nuare
445 2065 588 2148 tentat3
606 2055 756 2150 scilicet,
771 2067 815 2130 ut
838 2056 1063 2145 redametur,
1088 2080 1201 2154 quam
1222 2053 1364 2152 perdite

312 2189 391 2287 ipse
405 2200 504 2265 amet
521 2190 644 2266 verbis
668 2190 786 2288 aperit
804 2189 1044 2265 suavissimis.
1067 2188 1219 2272 Eadem,
1239 2185 1364 2285 inquit

319 2322 367 2420 (V.
381 2326 427 2397 59
446 2323 555 2421 sqq.),
570 2349 657 2422 saga
682 2349 719 2398 se
744 2323 843 2398 dixit
863 2323 1039 2399 cantibus·
1052 2334 1116 2398 aut
1142 2322 1263 2397 herbis
1287 2319 1361 2394 sol·

314 2483 397 2532 vere
412 2484 518 2556 posse
531 2485 632 2532 meos
647 2485 787 2534 amores
801 2488 810 2533 t
824 2459 913 2559 quid
931 2458 1085 2533 autem?

414 2645 486 2708 Non
499 2665 555 2724 ego
569 2651 650 2708 totus
662 2647 776 2709 abesset
788 2666 881 2724 amor,
899 2647 951 2708 sed
965 2651 1088 2708 mutuus
1100 2649 1175 2709 esset

455 2761 595 2836 Orabam,
611 2781 663 2825 uro
678 2769 702 2824 tc
708 2783 795 2843 posse
809 2781 904 2825 curere
917 2763 1001 2824 uelim
1010 2767 1023 2823 !

316 2957 543 3056 Hujusmodi
557 2959 735 3036 consessio
749 2984 791 3034 ea
803 2971 858 3035 est
872 2986 954 3059 quae
968 2959 1185 3034 muliebrem
1198 2958 1366 3033 animum

314 3092 413 3167 haud
427 3093 658 3167 mediocriter
670 3093 818 3188 illiciat3
835 3104 873 3168 at
887 3094 1163 3194 quantomagis,
1181 3093 1209 3168 si
1226 3093 1364 3198 talibus

314 3224 503 3301 blanditiis
518 3238 726 3330 opponatur
750 3270 796 3282 -
810 3227 909 3326 quod
923 3227 1093 3326 protinus
1110 3226 1160 3327 (1)
1182 3228 1227 3302 fit
1248 3225 1365 3301 111Τὶ-

314 3360 417 3435 bullo
434 3360 480 3461 (v.
496 3365 542 3435 65
558 3361 656 3461 sqq.)
673 3362 839 3437 —ferrei
855 3362 1024 3463 conjugis
1042 3361 1286 3460 neglegentia,
1300 3362 1366 3459 qui

315 3518 399 3566 cum
417 3492 577 3591 puellam
604 3495 719 3593 possit
746 3494 888 3588 habere,

435 3675 577 3738 Maluerit
589 3678 704 3758 praedas
716 3678 826 3740 stultus
838 3683 869 3741 et
883 3698 967 3740 arma
981 3679 1077 3759 sequi.

350 3861 387 3935 (l)
401 3862 456 3917 Hic
470 3862 533 3931 loci,
547 3866 563 3920 ,J
570 3908 575 3919 .
587 3865 627 3923 H.
642 3865 712 3920 Voss
726 3883 855 3937 perquam
869 3866 1018 3921 infeliciter
1029 3864 1145 3936 elegiam
1158 3865 1187 3920 in
1197 3863 1263 3920 duas
1276 3865 1369 3936 partes

314 3949 440 4020 abscidit,
457 3953 534 4022 quasi
547 3954 582 4008 ab
596 3971 680 4024 usque
695 3973 721 4012 v.
736 3957 770 4012 65
783 3973 885 4010 novum
899 3972 1008 4010 carmen
1030 3955 1173 4026 inciperet.
1190 3954 1266 4009 Idem
1281 3971 1368 4026 prope

313 4037 372 4108 jam
394 4040 499 4096 fecerat
519 4042 547 4098 J.
569 4044 700 4115 Scaliger,
716 4044 780 4115 quin
804 4045 858 4100 imo
882 4045 1031 4100 secuudum
1056 4048 1242 4116 fragmentum
1264 4043 1365 4115 partim

314 4127 350 4183 el.
364 4129 389 4192 1,
403 4131 501 4200 purtim
515 4131 551 4191 el,
567 4134 584 4187 5
606 4140 727 4189 assuerat
743 4155 749 4189 :
764 4135 848 4189 talem
862 4133 1003 4190 doctorum
1018 4133 1191 4190 insolentiam
1210 4131 1364 4203 mirabitur,

288 4231 290 4234 ·
314 4217 433 4288 quisquis
448 4237 513 4275 sano
527 4221 631 4291 judicio
643 4223 711 4277 velit
723 4223 838 4292 elegiam
857 4225 1005 4295 perlegere.
