3116 5104
770 575 817 586 ..
844 555 874 605 11
908 576 947 587 ..

336 682 554 757 Lachmann
595 710 712 782 usque
749 683 888 782 (1829),
923 685 983 758 cui
1022 684 1197 760 debemus
1236 685 1387 756 firmum

335 815 509 892 editionis
526 817 659 891 criticae
678 817 978 909 fundamentum,
998 845 1074 892 non
1102 818 1247 891 defuere
1269 815 1387 890 homi-

335 975 401 1026 nes
429 951 565 1025 eruditi
597 952 662 1050 qui
687 951 734 1026 ad
756 951 1048 1052 intellegendum
1077 949 1270 1024 Tibullum
1302 947 1386 1047 plus

334 1085 506 1161 minusve
521 1086 728 1162 conferrent
750 1087 1027 1162 :Brouckusius
1046 1085 1184 1160 scilicet
1205 1082 1268 1182 (1),
1288 1084 1384 1182 Ayr·

334 1244 447 1294 mann
461 1217 522 1319 (2),
538 1219 654 1318 Volpi
668 1218 729 1320 (3),
753 1219 795 1296 C.
806 1219 851 1296 G.
872 1220 1004 1320 Heync
1019 1218 1082 1320 (4),
1101 1219 1128 1294 J
1131 1218 1197 1293 .H.
1210 1215 1332 1315 Voss(
1357 1217 1382 1313 )‚

335 1351 377 1428 C.
392 1353 493 1428 Bach
510 1352 572 1452 (6),
584 1353 656 1427 Im.
670 1352 714 1430 Gr.
734 1353 911 1430 Huschke
929 1353 990 1451 (7),
1011 1353 1267 1429 accedentibus
1285 1349 1384 1448 apud

333 1487 563 1564 nostratesO.
573 1487 841 1589 F.Fraguieret
850 1489 888 1564 J.
896 1490 942 1563 B.
955 1486 1200 1588 Souchay(8).
1212 1485 1283 1562 Sed
1291 1511 1385 1584 prae-

333 1621 461 1697 sertim
479 1623 574 1698 circa
593 1622 714 1699 Caroli
736 1623 952 1699 Lachmann
978 1636 1160 1723 tempora,
1184 1620 1245 1695 vel
1268 1617 1380 1719 paulo

334 1766 432 1849 ante,
445 1755 715 1833 Germanorum
730 1758 942 1834 criticorum
956 1759 1086 1833 cohors
1105 1755 1211 1831 libris
1225 1752 1379 1830 libellis·

332 1867 487 1987 quesere
504 1891 709 1967 innumeris
726 1903 871 1968 tentare
885 1901 1073 1991 coeperunt
1086 1888 1281 1966 Tibullum
1297 1885 1347 1985 (9)
1370 1916 1379 1961 ε

368 2140 405 2213 (1)
421 2141 454 2196 In
470 2141 537 2197 edit.
554 2141 669 2202 Tibulli.
680 2143 893 2215 Amstelodemi,
909 2145 989 2201 1768.

366 2231 406 2304 (2)
427 2232 489 2286 Vita
504 2232 617 2302 Tibulli,
630 2233 708 2290 1719.

368 2321 408 2390 (3)
423 2319 456 2373 In
471 2314 537 2375 edit.
552 2320 664 2377 Tibulli.
679 2321 798 2394 Patavii,
814 2323 896 2383 1749.

367 2408 405 2482 (4)
419 2409 452 2463 In
471 2409 538 2466 odit.
553 2409 669 2470 Tibulli.
693 2410 804 2482 Lipsiae,
821 2411 900 2466 1755.

366 2497 406 2570 (5)
420 2498 535 2557 Praeict.
548 2497 583 2553 ad
593 2499 800 2556 translationem
809 2499 872 2556 Tib.
887 2500 1083 2570 germanicam.
1099 2499 1218 2566 Tubing,
1239 2498 1317 2554 1810.

365 2587 405 2660 (6)
422 2588 547 2657 Epistola
561 2589 656 2644 critica
669 2591 700 2644 in
713 2588 860 2660 Tibullum,
884 2589 1080 2658 Pseudo-Tib,
1096 2595 1158 2656 etc,
1175 2587 1254 2642 1812.

367 2677 406 2746 (7)
422 2675 456 2730 In
476 2675 543 2733 edit.
556 2676 669 2736 Tibulli.
686 2677 797 2749 Lipsioe,
815 2679 895 2733 1819.

366 2764 405 2836 (8)
421 2764 505 2820 lie'm.
526 2764 559 2820 de
584 2765 692 2822 l'Acad.
716 2767 763 2822 das
785 2766 964 2838 Inscriptions
983 2772 1011 2821 st
1033 2766 1263 2834 Bellus-Letum,
1284 2773 1308 2822 t.
1327 2761 1381 2829 VI,

330 2871 376 2911 cn.
393 2853 479 2922 171ος
492 2859 513 2910 t.
530 2854 597 2919 VII,
611 2873 657 2911 an.
676 2856 842 2914 17161729.

367 2944 405 3014 (9)
419 2942 518 2997 Totum
525 2942 665 3000 Tibullum
677 2945 814 3016 prosecuti
826 2951 910 3001 sunt:
929 2945 977 3003 W.
994 2946 1100 3012 Scauri,
1111 2945 1152 3000 De
1171 2942 1275 2998 Tibulli
1286 2943 1344 2998 vila
1357 2947 1383 2998 et

330 3032 499 3088 carminibus
519 3033 638 3104 disput..
655 3033 725 3089 1819
738 3053 744 3102 ;
759 3035 839 3095 RA.
859 3051 893 3090 nu
915 3033 1063 3104 donetur,
1085 3033 1126 3088 De
1149 3033 1250 3091 Tibulli
1273 3033 1332 3088 uita
1356 3036 1382 3086 et

331 3137 428 3190 carm,
440 3122 524 3190 18243
535 3120 744 3193 Rhianum,
753 3124 900 3179 Ramisslre
908 3125 1013 3192 Erotilr,
1025 3123 1095 3177 1833
1103 3141 1110 3190 ;
1118 3123 1154 3178 A.
1165 3123 1334 3192 Draranrou,
1343 3123 1383 3175 De

334 3209 437 3266 Tibulli
451 3211 598 3281 amoribus,
616 3215 676 3281 ete,
695 3213 775 3272 1844.
790 3244 826 3254 -—
852 3213 1053 3268 Annolntiones
1077 3211 1115 3266 ad
1132 3211 1272 3267 Tibullum
1296 3208 1382 3266 edidit

332 3295 366 3356 F.
381 3298 418 3356 A.
434 3297 548 3368 Risum,
565 3299 737 3368 1839-18443
753 3300 820 3356 item
845 3299 882 3360 A.
898 3301 996 3367 Grau,
1014 3299 1094 3355 1865.
1116 3330 1152 3340 -
1167 3298 1266 3353 Varias
1288 3297 1381 3364 Quas·

331 3387 416 3441 tiones
433 3387 606 3444 Tibullianns
621 3389 809 3459 agitaverunt:
820 3389 858 3449 H.
877 3391 986 3459 Kaura,
1001 3390 1070 3445 1857
1083 3406 1090 3457 ;
1101 3389 1136 3444 N.
1150 3387 1383 3457 OEsrarua,1860;

331 3476 368 3530 H.
377 3477 542 3552 Banasam,
554 3479 908 3549 1864;W.W1ssau,1elo;
918 3481 1222 3548 H.Gaoru,1872;Hv.
1232 3479 1381 3548 Drarnrea,

332 3566 467 3636 1873313.
482 3568 624 3636 ausuros,
640 3569 719 3626 1880.
743 3569 847 3632 Quibus
872 3569 1024 3640 adjungere
1052 3587 1102 3642 par
1125 3575 1167 3624 est
1195 3567 1250 3627 ra.
1272 3566 1383 3636 Haisa,

329 3657 408 3726 Disp.
435 3657 468 3712 de
499 3658 589 3714 tribus
617 3659 719 3714 Tibulli
744 3660 810 3715 loeis
838 3660 1051 3730 transpositione
1080 3657 1269 3726 emendandis,
1298 3656 1384 3724 1855,

329 3743 369 3801 M.
383 3745 497 3813 Haurr,
521 3746 607 3801 Ueber
617 3749 673 3802 los.
688 3745 809 3816 Scaliuer
823 3763 851 3802 u.
868 3748 896 3807 d.
915 3748 1085 3818 Umsleilunq
1101 3747 1190 3804 Tibul.
1207 3745 1381 3812 Versreillen,

331 3832 400 3887 1857
415 3832 524 3903 (deinde
549 3839 571 3892 t.
589 3834 637 3888 111
660 3834 862 3906 opusculorum
887 3835 1048 3906 inscrtum:
1071 3836 1216 3905 0.K01ur‚
1234 3837 1274 3890 Zu
1290 3832 1382 3888 Tibull

329 3921 440 3991 (Rhsin.
453 3923 596 3993 Musaeum,
613 3924 706 3994 XIX),
720 3925 801 3982 1861.

365 4011 422 4066 Alii
442 4011 477 4067 do
491 4011 607 4083 singulis
632 4013 835 4069 tibullianorum
855 4013 899 4069 vel
920 4012 1244 4085 pseudo-tibullianorum
1269 4026 1380 4080 operum

328 4101 451 4172 partibus
476 4101 670 4173 disseruerunt,
692 4103 824 4160 scilicet:
1380 4115 1382 4118 ’

365 4190 407 4245 De
419 4190 487 4244 libro
501 4190 516 4244 I
533 4208 540 4246 :
554 4190 587 4250 F.
605 4193 726 4260 Pissow,
736 4194 775 4248 lle
786 4193 883 4249 ordine
907 4198 1058 4263 temporum
1072 4209 1124 4264 quo
1137 4193 1224 4262 primi
1244 4189 1293 4247 lib.
1306 4189 1376 4258 eleo.
