3134 5104
574 517 819 616 ‘-ar-

199 686 308 780 Quod
320 687 431 762 etiam
450 686 581 764 clarius
594 705 757 790 apparet,
775 694 806 767 si
824 693 939 768 Deliae
960 717 1086 768 amens
1105 693 1245 768 confer·

198 834 261 896 tur
287 847 370 898 cum
389 823 516 899 ceteris
532 823 657 899 latinis
674 825 862 926 elegorum
883 825 1084 927 magistris.
1103 825 1250 925 Quippe

200 955 356 1034 Ovidius
381 957 421 1032 in
447 959 629 1034 Amorum
644 959 747 1034 libris
770 961 882 1036 vilem
901 959 1009 1061 plane
1028 959 1247 1060 futilemque
1355 951 1358 956 ’

199 1090 386 1166 materiam
405 1090 567 1168 facillimi
579 1094 718 1194 ingenii
733 1095 878 1170 lusibus
895 1096 1102 1188 adornavit,
1119 1097 1248 1171 multis

200 1251 285 1302 cum
311 1225 445 1302 salibus
457 1227 685 1342 'dicendique
710 1229 913 1305 luminibus
939 1229 1125 1308 lasciviam
1151 1230 1251 1308 cele-

199 1359 330 1453 bravit,
354 1387 429 1437 non
455 1387 629 1439 amorem.
649 1363 700 1439 Et
725 1365 848 1464 ipsum
874 1366 972 1465 apud
999 1365 1246 1465 Propertium,

201 1521 310 1596 quem
327 1496 479 1596 plurimi
500 1497 639 1574 Tibulli
657 1497 794 1589 habent
809 1499 975 1593 rivalem,
991 1500 1061 1576 etsi
1080 1501 1252 1576 firmiori·

201 1628 270 1704 bue
296 1631 438 1722 nervis,
471 1633 635 1708 masculo
671 1633 832 1733 quodam
866 1634 1080 1734 ardentique
1118 1633 1251 1734 spiritu

201 1776 362 1862 praestat‚
378 1765 621 1842 nihilominus
642 1767 868 1843 desideratur
888 1769 1046 1844 altitudo
1065 1769 1130 1844 illa
1150 1768 1250 1869 cupi·

201 1899 297 1976 dinis
320 1901 571 1976 etaffectuum
587 1901 773 1978 subtilitas
800 1929 873 2002 qua
896 1904 1058 1979 maxime
1081 1903 1254 1980 Tibullus

200 2033 421 2134 insignitur3
436 2035 569 2135 saepius
593 2062 740 2135 quoque
757 2037 872 2112 nimia
892 2037 1069 2112 doctrina
1089 2048 1250 2122 ostenta·

201 2169 301 2245 tione
326 2193 367 2246 ac
394 2168 520 2244 sedula
549 2171 816 2269 exemplarium
835 2169 1047 2248 Graecorum
1072 2172 1250 2248 imitatio·

200 2330 248 2380 ne
263 2301 313 2404 (1)
328 2347 375 2362 --
390 2305 488 2404 quod
501 2329 576 2380 non
591 2306 727 2404 pariter
739 2305 779 2379 in
795 2303 943 2380 Tibullo
959 2316 1064 2382 notes
1077 2305 1211 2382 nudas
1235 2348 1250 2360 -

200 2451 304 2514 catur
322 2449 469 2514 natura.
494 2438 625 2546 Itaque
642 2467 738 2514 unus
757 2440 905 2516 videtur
925 2440 957 2515 is
973 2467 1053 2518 esse
1070 2439 1249 2533 Catullus,

120 2659 122 2664 ,
201 2574 264 2672 qui
286 2574 325 2646 vi
345 2585 381 2650 et
402 2575 632 2674 ingenuitate
655 2578 855 2652 affectuum
870 2575 1018 2652 Tibullo
1044 2575 1247 2664 aemuletur,

201 2707 307 2784 ambo
328 2707 490 2806 alioquin
507 2708 545 2784 in
565 2711 721 2785 amando
737 2737 849 2810 quam
868 2710 1108 2785 diversissimi
1130 2740 1139 2786 r
1161 2710 1248 2785 alte·

200 2842 276 2915 rius
302 2841 402 2917 enim
422 2841 584 2918 violenta
605 2843 785 2918 violenter
810 2842 947 2941 cupido
970 2841 1158 2931 declarari,
1177 2841 1251 2918 huc

199 2973 288 3054 illue
303 2989 491 3076 erumpere
508 3003 549 3053 ao
562 2978 763 3076 persultare
776 2978 958 3053 cruciatus
972 2977 1128 3070 animus,
1144 2976 1255 3052 subi-

237 3215 272 3287 (1)
297 3215 357 3271 Non
376 3215 434 3271 sine
452 3215 544 3288 aliqua
562 3218 706 3274 miratione
725 3217 849 3274 audimus
868 3215 1037 3288 Propertium
1054 3217 1082 3272 in
1106 3216 1142 3272 el.
1164 3216 1216 3284 IV,
1234 3217 1247 3269 l

201 3304 256 3378 (ed.
271 3305 388 3377 Haupt),
404 3303 539 3362 invocatis
555 3307 717 3363 Callimachi
730 3313 758 3362 et
775 3307 889 3362 Philetas
902 3306 1102 3377 manibus,haee
1114 3305 1219 3379 jactare
1254 3289 1258 3296 ¹

420 3451 512 3500 Primus
528 3465 570 3511 ugo
584 3451 703 3513 ingredior
720 3465 779 3513 puro
801 3451 830 3500 de
846 3449 910 3499 sonte
924 3451 1033 3500 sacerdos

485 3529 546 3580 Itala
558 3543 600 3592 per
614 3529 698 3580 Graios
707 3531 773 3592 orgia
787 3531 847 3579 terre
859 3531 954 3579 choros.

203 3679 265 3720 eum
278 3663 394 3718 antehae
407 3662 500 3734 elegos
515 3662 648 3733 Catullus,
662 3663 766 3733 Gallus,
779 3663 904 3718 Tibullus
916 3661 1061 3736 preclaros
1070 3661 1250 3736 scripsissent.

204 3753 245 3806 De
256 3768 308 3821 qno
323 3750 418 3807 doctus
428 3750 469 3805 vir
483 3752 518 3809 G.
535 3750 653 3806 Boissier
668 3750 816 3822 (Properas
831 3757 855 3806 et
872 3751 985 3821 Tibulle,
996 3751 1024 3805 in
1036 3751 1213 3822 Reeuepob't.
1227 3757 1252 3808 et

205 3839 269 3911 titt„
292 3841 373 3911 1886)
393 3858 447 3896 non
471 3835 570 3895 inscite
591 3839 718 3911 opinatur
741 3839 912 3910 Propertium
931 3857 960 3894 ee
970 3843 1096 3911 primurn
1110 3845 1251 3911 propterea
1360 3855 1362 3858 ·

204 3928 292 3984 dicere
313 3929 443 4002 potuisse,
466 3930 537 4000 quod
550 3928 677 3984 Tibullus
699 3933 728 3984 et
743 3929 828 3984 ceteri
840 3935 927 3984 metro
939 3947 956 3984 a
970 3929 1074 3984 Graecis
1086 3928 1195 4000 quidem
1209 3927 1252 3983 de-

204 4023 328 4089 prompto
346 4035 418 4074 nova
431 4024 459 4073 et
473 4019 580 4090 proprie
599 4017 775 4089 cecinissent,
798 4018 857 4090 ipsa
874 4036 936 4074 vero
953 4018 1113 4090 diligentius
1127 4017 1251 4072 Alexan-

204 4106 341 4164 drinorum
356 4114 496 4180 poetarum
508 4109 608 4180 scripta
620 4107 792 4167 aemularetur
806 4127 812 4161 ι
827 4108 899 4164 unde
911 4107 1013 4164 erotica
1021 4106 1122 4162 Tibulli
1133 4107 1253 4162 carmina

206 4197 292 4265 magis
306 4197 433 4263 amantis,
450 4197 582 4267 Propertii
597 4195 681 4265 magis
696 4197 808 4252 artificis
823 4215 881 4251 esso
897 4201 1012 4251 constat.
