3134 5104
768 610 802 622 ..
840 571 884 642 62
915 610 959 624 ..

333 718 414 796 buit
425 719 465 795 in
479 719 629 796 deliciis.
646 719 769 797 Hosce
781 718 942 796 Marathi
958 744 1099 796 amores
1113 719 1145 796 si
1157 719 1252 796 circa
1268 743 1397 794 annos

333 856 493 930 728-729
519 855 694 954 posueriS,
722 854 821 929 haud
846 855 1008 929 multum
1028 853 1248 930 aberrabisa
1271 879 1393 948 vero;

331 997 369 1062 at
389 987 503 1062 Deliae
519 989 650 1064 saltem
672 988 857 1063 amoribus
872 1000 970 1063 certo
985 987 1241 1088 postponendi,
1260 1012 1385 1087 quan-

329 1122 579 1221 quamplures
599 1123 699 1198 docti
725 1124 777 1218 (et
801 1122 1007 1198 necessario
1035 1123 1270 1222 quicumque,
1298 1146 1389 1197 cum

332 1253 538 1356 Sigmundo
555 1257 705 1351 Teuffel,
722 1257 768 1332 el.
785 1256 830 1332 de
844 1255 951 1331 Delia
964 1257 1131 1358 usquein
1146 1282 1206 1332 an.
1219 1261 1240 1331 7
1243 1259 1289 1332 30
1302 1280 1389 1356 pro·

329 1385 467 1483 ferunt)
483 1387 619 1485 priores
633 1413 711 1462 esse
729 1386 773 1462 de
791 1382 961 1461 Marathe
978 1387 1123 1488 elegias,
1144 1387 1221 1462 sive
1235 1397 1389 1485 propter

331 1521 466 1595 amoris
478 1531 664 1614 naturam,
676 1548 739 1596 seu
748 1548 822 1620 prae
836 1523 1042 1598 carminum
1051 1521 1264 1597 condicione
1284 1520 1388 1596 evin·

328 1680 406 1730 cere
419 1654 600 1731 laborant.
623 1655 694 1732 Sed
708 1657 857 1748 frustra,
881 1683 962 1732 mea
982 1657 1180 1749 sententia,
1197 1655 1385 1732 laborant.

315 1789 385 1904 *Ac
411 1789 531 1889 primo
549 1789 859 1865 verisimillimum
877 1792 973 1866 duco
1000 1790 1204 1881 Tibullum,
1226 1787 1387 1890 abrupta

328 1951 412 1999 cum
428 1923 533 1999 Delia
548 1925 812 2000 consuetudiue
833 1936 1044 2023 pertaesum,
1067 1924 1153 2000 inde
1176 1923 1383 2023 innequio·

316 2071 383 2135 'res
396 2059 480 2134 illos
495 2086 635 2136 amores
666 2059 872 2158 delapsum,
886 2061 1105 2136 nedumtr
1038 2059 1246 2160 Sigmundo
1266 2059 1379 2133 Teuf-

325 2195 373 2269 fel
378 2195 586 2316 concedam
604 2207 687 2271 cont
690 2196 827 2272 rarium
841 2196 1008 2272 ordinem
1028 2195 1146 2295 magis
1171 2221 1248 2270 esse
1266 2205 1377 2270 natu·

321 2354 374 2402 rae
390 2311 607 2428 congruum.
628 2330 810 2449 Deinceps
826 2332 1024 2430 mirorque
1046 2337 1129 2428 pact
1130 2357 1153 2405 ο
1113 2329 1275 2406 tidem
1290 2354 1379 2405 con·

324 2463 473 2538 tendere
485 2464 647 2562 potuerit
660 2446 853 2540 Tibullum
864 2447 1080 2564 elegiisl
1004 2464 1050 2540 de
1065 2445 1241 2539 Marathe
1255 2463 1379 2584 adhue

314 2598 580 2696 ssperegrinum
571 2624 611 2671 ln
624 2579 790 2674 femineis
805 2598 913 2674 rebus
928 2599 1108 2686 exhiberi,
1137 2625 1220 2674 curn
1241 2597 1293 2671 ibi
1310 2579 1379 2696 per

323 2713 460 2807 multos
470 2758 598 2808 versus
612 2743 753 2808 constet
770 2731 856 2832 (vid.
879 2733 927 2808 el.
949 2739 983 2828 8,
1010 2737 1080 2828 1-6,
1107 2734 1220 2808 25-38
1233 2762 1242 2826 ;
1267 2731 1315 2806 el.
1330 2734 1375 2822 θ’,

313 2863 441 2967 ’53-74)
451 2868 582 2966 juveni
594 2868 673 2966 jam
691 2867 927 2942 muliebrium
955 2845 1161 2942 affectuum·
1182 2849 1376 2941 subtiliesi·

308 3027 422 3076 mam
457 3002 722 3100 experientiam
763 3002 901 3078 adesse.
929 3001 1015 3078 Non
1042 3001 1166 3101 magis
1193 2999 1376 3099 perspicio

323 3135 412 3233 quid
424 3135 494 3210 sibi
507 3135 597 3210 velit
612 3137 710 3235 quod
726 3135 844 3226 addit,
872 3137 970 3235 apud
998 3134 1211 3212 Marathum
1232 3133 1375 3208 urbana

318 3267 469 3344 'tantum
494 3271 605 3345 modo
631 3269 910 3361 oblectamenta,
937 3269 1118 3361 nondum,
1135 3279 1178 3343 ut
1206 3269 1249 3342 fir
1275 3239 1375 3366 apud

323 3400 479 3493 Deliam,
501 3403 655 3477 rusticas
680 3428 737 3477 res
758 3402 957 3477 celebrari:
978 3425 1138 3500 namque
1151 3401 1190 3474 in
1203 3399 1374 3498 pluribus

322 3537 367 3610 de
382 3536 529 3612 Nemesi
543 3536 678 3637 elegiiS,
694 3537 732 3610 in
748 3537 918 3612 omnibus
931 3536 976 3610 de
991 3535 1147 3636 Glycera
1166 3545 1203 3610 et
1222 3534 1267 3609 de
1291 3530 1374 3608 Sul·

321 3670 425 3770 picia,
442 3695 523 3768 quae
539 3681 635 3744 certe
652 3681 776 3745 tamen
792 3671 907 3745 serius
922 3669 1095 3744 confectae
1111 3678 1213 3758 sunt,
1230 3693 1277 3742 ne
1290 3690 1370 3741 ver-

311 3797 411 3898 [bum
428 3794 577 3894 quidem
591 3796 636 3870 de
648 3797 743 3870 ruris
759 3795 882 3870 studio
897 3806 1048 3896 apparet
1058 3804 1118 3890 ;et
1131 3794 1234 3869 nunc
1247 3791 1375 3890 utique

316 3960 397 4008 non
425 3944 503 4008 erat
532 3934 647 4011 locun.
673 3933 843 4033 Denique
871 3959 950 4008 non
972 3931 1110 4007 infitias
1132 3957 1175 4007 eo
1201 3930 1282 4005 tria
1295 3928 1374 4003 haec

322 4069 492 4160 carmina,
509 4068 676 4184 quamvis
689 4067 921 4170 perpulchra,
934 4067 1044 4186 paulo
1066 4066 1150 4166 plus
1172 4065 1281 4166 quam
1296 4087 1372 4138 ear-

321 4205 421 4280 mina
440 4204 484 4280 de
509 4180 616 4280 Delia
635 4204 822 4280 rhetoricis
837 4205 929 4279 fucis
951 4227 1098 4302 aspersa
1119 4225 1226 4276 esse.
1239 4223 1370 4272 verum
