3116 5104
639 589 688 602 ...
720 551 740 619 9
769 589 814 600 ..

240 699 348 774 Unde
377 711 489 798 patet,
518 699 558 774 in
581 699 755 797 praesenti
780 723 904 773 rerum
931 708 1061 772 statu:
1085 699 1121 772 1⁰
1146 695 1250 772 bonae

181 832 330 908 Tibulli
353 830 524 906 editionis
552 831 838 906 fundamentum
865 830 904 904 in
943 829 1247 904 Lachmanniana

181 964 397 1041 recensione
414 963 552 1064 (ABG)
568 965 708 1040 versari
727 964 818 1042 :hoc
835 975 961 1040 tamen
973 972 1127 1056 servato,
1143 960 1242 1059 quod

179 1100 225 1174 in
239 1100 318 1174 loco
331 1098 416 1173 libri
438 1099 469 1172 B
484 1098 764 1174 Baehrensianos
787 1098 900 1172 Amb.
913 1108 950 1172 et
961 1095 1051 1172 Vct.
1064 1121 1244 1193 usurpare

183 1243 354 1334 oporteat
364 1263 374 1328 ;
386 1235 422 1306 2⁰
436 1233 549 1308 talem
561 1244 712 1308 textum
723 1233 1008 1326 emendandum,
1019 1231 1245 1330 ubicumque

187 1378 321 1466 potest,
346 1367 391 1442 fr.
419 1365 620 1466 Cujaciani,
649 1394 718 1443 nec
748 1367 874 1442 minus
901 1366 1131 1440 confidenter
1157 1391 1239 1440 exc.

185 1501 485 1601 Frisingensium
538 1501 791 1594 adminiculis3
838 1500 1048 1576 adhibenda
1085 1499 1244 1599 denique

189 1635 365 1728 Parisina,
381 1635 526 1735 parcius
541 1636 705 1735 quidem,
729 1647 772 1710 ut
791 1661 920 1710 eorum
933 1635 1134 1710 auctoritas
1149 1635 1241 1712 adae·

186 1793 299 1867 quare
316 1769 575 1844 auctoritatem
589 1768 768 1862 codicum,
778 1794 854 1843 non
869 1794 1042 1868 superare
1055 1767 1237 1843 videatur.

238 1899 297 1975 Ita
332 1902 497 1978 confecta
532 1929 588 1995 re,
627 1901 790 1977 multum
818 1903 922 1978 abest
955 1914 1000 1977 ut
1021 1926 1241 2002 germanum

188 2061 393 2134 sanumque
410 2037 457 2110 ab
473 2037 574 2111 omni
599 2047 703 2136 parte
725 2046 876 2111 textum
898 2036 1127 2110 habeamus:
1161 2034 1242 2110 sed-

186 2169 297 2263 enim,
321 2182 453 2268 praeter
467 2171 731 2270 frequentiores
741 2171 904 2266 lacunas,
920 2171 1041 2245 multa
1055 2171 1137 2247 loca
1153 2170 1246 2244 adeo

187 2303 388 2402 depravata
415 2318 570 2380 manent
600 2317 643 2380 ut
663 2307 770 2404 justo
797 2330 909 2380 sensu
932 2315 1088 2400 careant,
1105 2305 1244 2403 passim

187 2431 300 2504 etiam
311 2433 488 2529 suspicari
501 2446 558 2508 est
572 2435 766 2510 turbatum
779 2461 954 2510 versuum
970 2435 1138 2510 ordinem
1152 2460 1242 2510 esse.

189 2564 358 2640 Profecto
376 2566 578 2666 desperatis
592 2568 682 2643 locis
697 2595 844 2644 necesse
856 2580 912 2645 est
935 2570 1130 2645 admovere
1149 2593 1234 2643 con·

182 2699 338 2797 jecturae
360 2701 579 2792 remedium;
603 2714 642 2777 at
669 2704 854 2780 cavendus
877 2704 1026 2780 illorum
1044 2703 1156 2795 furor,
1175 2701 1239 2801 qui

188 2858 272 2907 raro
282 2833 387 2928 felici,
405 2835 538 2934 saepius
548 2835 724 2912 insolenti
733 2838 892 2933 audacia,
909 2838 1053 2913 AEmilii
1064 2837 1241 2912 Baehrens

189 2965 378 3060 adinstar,
396 2979 528 3042 cuncta
546 2981 696 3044 mutant
715 2997 756 3046 ac
775 2971 1012 3071 distorquent
1022 3001 1032 3066 3
1051 2995 1128 3043 non
1152 2968 1240 3042 tole-

189 3099 297 3174 randi
308 3101 500 3200 praecipue,
510 3104 733 3203 quicumque
747 3105 834 3181 inde
846 3132 867 3180 a
883 3105 1068 3204 Scaligero
1082 3103 1128 3177 ad
1142 3103 1241 3176 AEm.

189 3234 379 3320 Baehrens,
410 3235 597 3312 levissima
620 3240 754 3337 specie,
780 3265 910 3315 versus
933 3266 952 3315 e
976 3239 1059 3314 loco
1079 3248 1243 3329 movent,

189 3366 280 3465 quin
311 3368 387 3442 imo
406 3368 561 3468 elegiam
581 3371 692 3445 aliam
716 3372 779 3446 alii
808 3373 1032 3472 discerptam
1058 3369 1244 3446 intermis-

190 3512 274 3574 cent
288 3501 355 3598 (1).
375 3499 495 3593 Quam
509 3505 761 3581 confusionem
787 3507 818 3580 si
838 3509 920 3606 quis
939 3506 1030 3582 velit
1052 3505 1243 3597 aestimare,

190 3633 315 3708 videat
331 3636 420 3734 quid
436 3638 534 3736 apud
570 3638 805 3738 scaligerum,
823 3640 913 3740 quid
943 3640 1042 3739 apud
1069 3637 1245 3714 Baehrens

191 3766 236 3841 de
253 3767 300 3843 el.
315 3768 345 3863 I,
367 3774 386 3844 1
412 3772 594 3847 acciderit.

242 3900 382 3978 Contra
412 3903 609 3982 Mauritius
637 3905 783 4006 Haupt,
820 3907 918 3981 inter
943 3918 1081 3982 ceteros
1118 3905 1246 3979 doctos

227 4114 264 4182 (n
276 4113 342 4168 Vid.
354 4114 477 4168 Mauritii
488 4116 585 4188 Haupt
593 4115 860 4171 dissertatiunculam
874 4117 959 4172 Urber
973 4118 1029 4171 Jos.
1042 4113 1180 4185 Scaltper,
1192 4117 1242 4170 etc.

192 4202 231 4270 (in
247 4201 427 4272 operatorum
441 4210 464 4262 t.
480 4203 549 4272 III).
