3116 5104
764 612 954 686 ...20-

337 789 378 839 ea
391 787 467 838 non
488 787 546 838 sec
555 761 702 836 undum
727 762 825 838 hanc
841 772 1052 838 nostrarum
1066 760 1273 838 litterarum
1286 785 1386 835 vere·

335 897 507 974 cundiam
542 897 718 994 judicare
745 898 871 992 decet3
899 923 1029 972 verum
1063 895 1170 971 latini
1211 893 1389 968 sermonis

332 1030 501 1106 habenda
517 1031 626 1123 rotie,
645 1031 710 1129 qui
723 1042 813 1106 nota
831 1030 1000 1106 libertate
1015 1029 1202 1121 utebatur,
1217 1027 1386 1103 habenda

332 1164 443 1240 etiam
461 1163 635 1262 Sulpiciae
647 1190 804 1258 morum,
821 1191 903 1265 quae
930 1164 1053 1262 puella
1083 1161 1175 1238 talia
1193 1162 1274 1261 ipsa
1288 1162 1333 1236 de
1347 1187 1386 1237 se

333 1297 618 1392 narrat,utillud
628 1312 734 1374 tecum
742 1297 962 1375 oonntbua‘sse
970 1297 1227 1391 illaesis,ered0‚
1236 1296 1385 1372 auribus

335 1432 559 1510 toleraverit.
591 1431 777 1525 Ceterum,
808 1432 840 1507 si
866 1432 956 1533 quid
981 1430 1190 1532 portentosi
1215 1430 1389 1505 videatur

335 1566 468 1641 habere
496 1566 575 1641 haec
603 1566 743 1641 Tibulli
768 1567 927 1661 licentia,
947 1593 1023 1641 non
1050 1565 1233 1665 perspicio
1259 1591 1389 1664 quam·

280 1766 285 1774 .
333 1699 462 1775 obrem
481 1700 527 1775 ab
545 1700 618 1775 alio
638 1710 760 1799 poeta,
776 1701 836 1775 vel
853 1700 1015 1792 seniore,
1031 1699 1079 1774 sit
1104 1697 1343 1774 credibilior?

246 1925 249 1932 Ι
383 1833 625 1934 Insequentes
641 1833 786 1934 eleg.l3
802 1845 839 1910 et
855 1838 911 1930 14,
921 1845 1054 1933 practer
1070 1833 1109 1907 id
1121 1833 1221 1933 quod
1235 1833 1275 1906 in
1285 1832 1330 1909 el.
1343 1836 1389 1907 13

334 1967 505 2042 Tibullus
523 1995 562 2044 se
575 1968 799 2044 nominatim
821 1968 972 2067 profert,
993 1967 1188 2042 Tibullum
1206 1978 1295 2043 totae
1312 1968 1385 2067 spi-

330 2112 414 2177 rant
438 2128 552 2177 :suus
565 2102 712 2201 utrique
730 2101 834 2201 lepos
848 2102 1010 2178 auctoris
1029 2100 1209 2176 indicium
1222 2112 1291 2176 est.

377 2234 546 2338 Denique
581 2247 781 2335 supersunt
810 2236 886 2311 duo
911 2235 1077 2334 Priapea,
1098 2236 1138 2310 in
1169 2235 1378 2334 CujaeianO,

327 2379 421 2444 teste
455 2367 650 2469 Scaligero,
683 2381 837 2464 servata,
870 2371 1000 2446 ceteris
1026 2371 1066 2444 in
1090 2369 1277 2445 codicibus
1294 2370 1379 2445 defi·

329 2502 474 2593 cientis,
490 2503 626 2604 quippe
649 2531 731 2603 qnae
759 2505 957 2580 verisimile
982 2505 1030 2580 sit
1057 2504 1258 2580 monachos
1271 2504 1378 2578 libra·

327 2637 400 2711 rios
415 2637 610 2737 depulisse,
627 2639 863 2715 obscenitatis
879 2639 1050 2716 materiae
1063 2665 1184 2732 nausa,
1209 2664 1229 2713 e
1247 2637 1377 2738 vulga·

327 2770 425 2844 rium
448 2770 630 2849 librorum
665 2774 880 2874 archetypo,
913 2772 1005 2849 Haec
1033 2784 1159 2849 antem
1188 2772 1376 2871 opuscula,

325 2931 485 3004 quornm
498 2933 618 2982 unum
643 2908 775 2983 iambis
802 2909 982 3009 scriptum
1006 2919 1072 3003 est,
1094 2908 1251 2984 alterum
1265 2907 1378 3008 elegis

325 3039 425 3114 haud
459 3041 670 3118 Tibulliano
711 3044 862 3143 ingenio
898 3043 1056 3137 absonia,
1094 3042 1209 3118 tribui
1249 3054 1378 3119 nostro

324 3184 441 3272 poetae
463 3175 519 3250 nil
540 3187 655 3254 vetat.
752 3209 754 3214 ·

374 3311 431 3388 Ne
463 3311 593 3406 multa,
612 3313 776 3388 eontinet
802 3312 895 3386 liber
922 3311 1008 3389 IV:
1043 3317 1077 3385 1⁰
1103 3311 1376 3412 Panegyricum

184 3452 188 3459 ’
325 3449 459 3525 incerti
473 3447 633 3522 auctoris
651 3448 788 3544 (forsan
804 3447 970 3548 Tibulli).
988 3450 1024 3522 2ο
1042 3445 1214 3547 Quinque
1231 3447 1277 3523 de
1293 3448 1375 3526 Sul·

326 3585 421 3684 picia
436 3583 528 3682 eleg.
544 3609 565 3658 a
585 3582 736 3658 Tibullo
749 3582 942 3682 profectas.
962 3586 996 3656 3⁰
1013 3581 1087 3658 Sex
1099 3582 1144 3658 de
1157 3582 1286 3658 eadem
1306 3583 1377 3682 ipsi

207 3695 212 3708 ’
329 3717 500 3816 Sulpicia
514 3716 741 3792 tribuendas.
755 3722 793 3790 4⁰
804 3715 891 3792 Duo
907 3717 1047 3791 Tibulli
1057 3715 1225 3816 elegidia
1241 3721 1277 3792 5⁰
1290 3717 1377 3794 Duo

326 3853 491 3951 ejusdem
509 3851 676 3949 Priapea.
708 3850 917 3949 Porro,'qui
936 3852 981 3926 fit
1002 3862 1045 3926 ut
1068 3851 1289 3928 collectanea
1312 3852 1376 3927 illa

326 3987 395 4062 sub
409 3985 551 4060 Tibulli
564 3985 726 4079 nomine,
744 4011 819 4060 una
837 4013 921 4060 cum
948 4012 1013 4060 sex
1030 3985 1218 4085 Lygdami
1232 3987 1371 4087 elegiis

322 4120 430 4195 nobis
444 4119 702 4219 pervenerint?
717 4118 790 4194 Hic
809 4120 932 4194 locum
941 4119 1052 4194 habet
1066 4119 1241 4196 Friderici
1253 4119 1375 4196 Haase

324 4255 518 4350 sententia,
542 4254 680 4352 optime
707 4255 754 4329 ab
773 4255 872 4330 AEm.
889 4253 1064 4330 Baehrens
1086 4255 1270 4354 explicata
1292 4281 1370 4356 per-
