3116 5104
611 582 807 652 ..11-

181 717 395 798 Tibulliana
417 725 602 823 permixta
627 731 832 830 antiquitus
857 761 952 831 esse,
976 738 1138 817 dubitari
1159 771 1235 821 non

181 864 317 949 potest.
359 855 469 948 Quod
513 862 649 938 senties
691 891 802 964 quam
843 868 946 945 facile
976 875 1159 971 acciderit,
1204 883 1235 956 si

181 987 383 1064 adverteris
418 993 528 1090 primi
551 995 664 1072 modo
693 998 778 1073 libri
806 1001 940 1102 elegias
970 1007 1058 1085 vivo
1084 1012 1235 1092 Tibullo

180 1119 299 1197 editas
314 1123 391 1222 (1);
407 1129 612 1204 secundum
629 1131 695 1208 lib.
721 1132 767 1209 ab
786 1136 924 1234 amicis,
938 1139 1125 1242 aliquanto
1146 1168 1231 1250 post

178 1253 399 1333 defunctum
409 1272 556 1358 poetam
574 1262 630 1360 (ut
647 1291 694 1341 ex
707 1265 833 1343 Ovidii
844 1272 1007 1370 epicedio
1019 1279 1083 1380 (2),
1095 1309 1142 1358 ex
1152 1286 1232 1386 ipsa

176 1388 378 1490 elegiarum
394 1395 610 1474 condicione
627 1400 743 1498 patet)
758 1431 770 1498 3
791 1402 931 1505 reliqua
947 1434 1035 1487 vero
1056 1457 1101 1472 —
1122 1419 1233 1500 hodie

176 1521 383 1600 intertium
398 1537 436 1603 et
459 1537 634 1631 quartum
658 1531 797 1610 librum
821 1539 867 1611 ab
888 1540 1089 1624 editoribus
1101 1551 1231 1652 divisa,

174 1657 284 1734 initio
310 1671 436 1737 autem
468 1674 579 1765 atque
600 1665 716 1764 juxta
745 1670 912 1748 codicum
944 1680 1165 1780 scripturam
1192 1689 1232 1766 in

176 1819 299 1869 unum
317 1795 537 1896 conglobata
557 1843 607 1856 —-
626 1803 742 1879 serius
769 1809 935 1906 prodisse
960 1815 1000 1890 in
1025 1817 1159 1900 lucem.

223 2009 375 2104 Delibri
389 2012 408 2087 I
424 2013 637 2115 integritate
649 2019 754 2096 nulla
765 2023 949 2106 dubitatio
959 2031 1030 2110 fuit
1049 2062 1227 2140 unquam,

172 2168 241 2219 nec
256 2170 335 2219 esse
348 2157 471 2244 potest
488 2147 501 2248 (
525 2150 554 2248 ).

222 2275 337 2353 Nulla
366 2279 412 2356 de
443 2280 538 2357 libro
579 2283 639 2380 ΙΙ,
672 2289 704 2363 si
727 2298 920 2394 exceperis
961 2301 1054 2402 eleg.
1085 2308 1118 2402 2,
1144 2335 1225 2409 per·

171 2435 299 2508 peram
322 2412 448 2512 elegiis
476 2415 521 2490 de
547 2415 697 2498 Nemesi
726 2424 959 2527 interjectam
984 2434 1160 2536 (profecto
1177 2445 1226 2520 ob

174 2542 408 2621 «Cornuti»
440 2551 678 2649 mentionem,
707 2559 773 2657 qui
807 2563 918 2640 etiam
954 2569 994 2644 in
1018 2571 1227 2676 insequenti

173 2685 289 2786 elegia
326 2689 581 2794 compellatur)
622 2707 733 2796 atque
759 2705 968 2802 conjuncte,
1004 2723 1048 2788 ut
1083 2717 1224 2814 opinor,

171 2881 201 2938 in
219 2882 386 2938 bibliotheca
399 2885 519 2940 Lemaire
541 2887 578 2947 A.
590 2887 625 2944 ou
642 2891 788 2968 Genesar,
804 2900 922 2974 Parisiis,
939 2905 1020 2966 1826.
1036 2908 1132 2982 Neque
1144 2929 1226 2970 men-

169 2971 247 3028 tione
260 2971 368 3043 dignior
385 2973 419 3029 B.
431 2974 597 3047 risuum,
612 2979 660 3049 qui
673 2999 760 3054 nuper
776 2987 839 3058 (Die
853 2993 967 3063 Eleqieu
982 2998 1029 3052 der
1042 2999 1081 3054 A.
1098 3002 1225 3060 Tibullus

170 3060 276 3129 Berlin,
301 3062 391 3132 1881),
419 3061 575 3122 inconsulte
602 3073 741 3140 congestis
768 3075 913 3146 Sigmundi
947 3083 1056 3142 Teuffel
1082 3091 1226 3164 erroribus,

119 3147 122 3152 ’
169 3151 329 3222 AEmiliique
353 3151 484 3209 Baehrens
506 3153 606 3230 libitis,
631 3159 729 3218 mirum
744 3163 773 3220 in
800 3168 910 3226 modum
923 3173 1082 3233 Tibulliana
1104 3182 1226 3238 carmina

168 3239 348 3297 deformavit.

209 3330 246 3401 (1)
261 3329 387 3400 Singulas
413 3329 519 3402 elegiae
535 3333 606 3409 dico,
622 3355 678 3396 non
702 3341 839 3416 integrum
854 3348 980 3408 libruma
1001 3371 1082 3425 quem
1103 3359 1224 3432 suspicor

166 3419 204 3475 ob
215 3435 372 3490 perversum
389 3419 428 3480 el.
442 3421 461 3474 4
475 3421 600 3480 ordinem
612 3427 702 3484 aliena
716 3449 800 3490 manu
814 3437 960 3496 collectum
973 3443 1140 3518 editamque.

206 3506 390 3581 (2)1bienim
406 3507 531 3580 Ovidius,
545 3529 607 3569 curn
625 3517 726 3576 multos
741 3522 844 3580 Tibulli
859 3526 893 3582 de
909 3529 991 3586 Delia
1009 3537 1142 3592 versucia
1163 3555 1224 3610 pro-

164 3596 257 3670 prium
268 3613 380 3651 carmen
394 3597 558 3672 transierat,
570 3603 639 3659 nihil
654 3607 690 3662 ab
705 3609 803 3682 elegiis
817 3614 850 3670 de
867 3617 979 3675 Nemesi
1003 3629 1152 3693 mutuetur,
1168 3628 1224 3686 imo

165 3703 276 3744 versum
299 3684 449 3756 quemdam
461 3705 496 3742 ex
511 3689 547 3750 el.
562 3691 586 3761 I,
603 3694 617 3747 1
635 3693 742 3766 lugenti
756 3701 870 3789 Nemesi
894 3707 1012 3767 tribuit:
1037 3713 1109 3785 quod
1128 3733 1225 3788 parum

166 3773 328 3842 verisimile,
343 3773 368 3829 si
379 3781 480 3846 praesto
495 3781 631 3838 secundus
644 3784 714 3842 liber
727 3789 838 3853 fuisset.

209 3865 246 3938 (3)
270 3863 455 3919 Praetermitto
469 3867 592 3925 Fabricii
613 3872 764 3949 licentiam,
784 3881 830 3951 qui
850 3887 1027 3958 perpulchras
1046 3890 1080 3948 de
1098 3892 1225 3953 Marathe

172 3953 277 4025 elegiae
292 3951 403 4008 Tibullo
419 3953 539 4012 detrahit
556 3959 623 4030 (Die
646 3967 726 4037 Elep.
743 3969 790 4026 des
806 3975 844 4032 A.
861 3976 996 4050 tibullus,
1017 3981 1096 4054 1881,
1119 3984 1225 4042 Einlei·

168 4047 264 4115 tang),
277 4042 312 4098 ob
326 4059 388 4098 eam
401 4060 511 4101 causam
525 4048 598 4118 quod
609 4055 732 4111 carmina
745 4058 829 4115 illein
841 4065 954 4136 turpiori
968 4085 1059 4125 amore
1070 4081 1222 4132 versentur.

169 4134 246 4203 E1go
264 4130 361 4187 nescio
375 4147 423 4185 cur
434 4131 508 4190 idem
526 4137 642 4208 Vergilii
650 4143 774 4218 eclogam
787 4151 813 4218 2,
829 4152 920 4222 plurer
933 4156 1043 4213 Horatii
1052 4159 1130 4234 odas,
1145 4163 1223 4235 plura

170 4220 273 4278 Catulli
285 4219 484 4294 epigrammata
499 4242 554 4283 non
574 4227 706 4291 deleverit
722 4255 729 4293 :
748 4238 796 4294 sed
810 4239 859 4296 illa
872 4243 964 4301 refelli
983 4264 1037 4303 non
1052 4263 1118 4322 opus
1132 4259 1185 4312 est.

1060 4339 1079 4394 2
1134 4421 1141 4436 ι
