3134 5104
630 653 826 721 -77-

205 797 357 896 diorque
371 797 467 892 ;illic
482 799 641 898 flagrans
657 804 814 876 amantis
834 803 1025 892 confessio,
1038 802 1098 875 hic
1112 801 1157 876 de
1171 826 1254 899 pec·

205 943 287 1006 cato
301 933 426 1008 amicae
441 934 680 1032 querimonia.
695 933 838 1036 Nempe
856 921 1022 1036 Glycerae
1040 935 1251 1050 infidelitas,

203 1091 316 1164 quam
330 1078 386 1142 est
406 1068 485 1165 jam
499 1094 546 1143 ex
570 1069 614 1144 el.
642 1073 687 1143 13
707 1069 760 1168 (v.
784 1074 887 1170 5sq.)
918 1071 1128 1170 praevidere,
1155 1045 1255 1148 nunc

204 1213 328 1300 aperte
353 1177 585 1279 declaratur:

307 1453 422 1514 Rumor
436 1453 479 1514 ait
494 1453 595 1514 crebro
610 1461 743 1516 nostram
755 1474 877 1535 peccare
893 1456 1033 1536 puellam,

289 1545 293 1552 ¹
365 1565 458 1630 Nunc
473 1587 528 1647 ego
542 1587 589 1630 mc
605 1569 701 1632 surdis
712 1570 833 1632 auribus
843 1590 906 1633 esse
920 1567 1021 1632 velim.

305 1683 440 1747 Crimina
452 1705 513 1747 non
527 1665 593 1748 haec
608 1693 678 1748 sunt
693 1693 794 1748 nostro
809 1688 872 1748 sine
885 1687 966 1750 facta
978 1686 1088 1750 dolore.

359 1801 441 1878 Quid
455 1803 596 1866 miserum
611 1804 753 1884 torques?
768 1823 869 1866 rumor
880 1804 994 1876 acerbe,
1011 1811 1088 1866 tace.
1111 1805 1154 1885 (t)

202 2049 273 2126 Est
299 2054 398 2153 quod
410 2055 589 2131 miremur
597 2068 766 2131 maestam
777 2056 880 2131 illam
895 2055 1036 2131 Tibulli
1059 2030 1255 2154 indulgen-

201 2185 293 2261 tiam
309 2185 395 2288 :qui
419 2216 495 2266 non
516 2192 701 2289 possitne
723 2192 839 2267 amica
859 2204 997 2291 peccet,
1025 2201 1203 2290 tanquam
1224 2192 1255 2265 si

196 2318 419 2417 jamdudum
433 2327 642 2423 pernoverit
655 2325 799 2402 feminae
815 2326 1023 2401 naturalem
1036 2326 1253 2426 genuinam·

202 2478 272 2553 que
286 2481 365 2534 esse
380 2459 582 2557 perfidiam,
595 2471 701 2559 optat
723 2461 983 2536 tantummodo
997 2461 1027 2558 ej
1032 2487 1075 2534 us
1089 2471 1250 2560 peccata,

203 2588 332 2668 silente
347 2593 456 2685 fama,
469 2596 621 2671 nescire.
637 2594 733 2689 Hoc,
748 2595 866 2691 credo,
881 2621 957 2671 non
971 2595 1128 2670 dixisset
1140 2593 1256 2671 Deliae

203 2750 329 2801 amans
339 2757 350 2822 3
368 2727 438 2804 hoc
457 2732 569 2805 sentit
581 2730 638 2804 vir
648 2740 756 2807 aetate
767 2731 988 2831 provectior,
1003 2730 1122 2804 multa
1134 2755 1260 2828 exper-

202 2870 284 2951 tus,
308 2863 388 2959 jam
425 2865 620 2962 perdoctus
656 2891 826 2965 quaenam
853 2865 921 2941 sub
952 2864 1093 2940 cunctis
1117 2864 1252 2940 amoris

201 2996 403 3072 mendaciis
425 3000 670 3098 praestigiisve
696 3001 860 3076 latitent.

252 3129 345 3206 Post
363 3133 497 3231 elegias
516 3138 560 3208 13
576 3145 613 3209 et
634 3138 679 3209 14
699 3134 898 3210 verisimile
910 3145 979 3225 est,
996 3135 1042 3208 ad
1062 3132 1255 3233 complen-

200 3265 286 3341 dam
316 3268 361 3342 dc
390 3267 547 3368 Glycera
579 3271 722 3360 seriem,
747 3270 855 3369 plura
883 3270 1045 3344 carmina
1071 3270 1255 3344 destinata

199 3401 328 3477 fuisse:
347 3402 390 3477 de
405 3403 539 3502 quibus
549 3404 645 3479 nihil
661 3403 837 3502 conjicere
851 3404 957 3478 nobis
970 3403 1064 3498 licet,
1078 3403 1155 3478 sive
1165 3402 1255 3477 olim

200 3561 286 3610 casu
300 3537 423 3636 aliquo
449 3539 647 3637 perierunt,
670 3539 746 3614 sive
773 3538 945 3614 Tibullus
959 3539 1038 3636 ipse
1063 3563 1104 3611 ea
1118 3536 1254 3634 perdu-

199 3694 278 3745 cere
290 3671 335 3745 ad
353 3673 466 3747 finem
479 3674 618 3749 omisit.
637 3676 690 3748 At
704 3673 779 3747 duo
791 3674 869 3748 haec
890 3671 1046 3773 elegidia
1059 3671 1146 3746 satis
1165 3681 1254 3744 sunt

198 3814 240 3879 ut
270 3805 311 3878 in
343 3832 465 3883 amore
505 3806 669 3908 Glycerae
701 3807 956 3883 Tibullianum
983 3806 1176 3906 ingenium
1204 3805 1251 3878 ad

199 3965 387 4015 summum
414 3943 623 4042 pervenisse
652 3952 845 4036 testentur,
873 3942 1030 4041 gloriam
1047 3951 1163 4039 poetae
1184 3965 1245 4038 pa·

199 4075 308 4166 riant,
327 4102 537 4176 quanquam
552 4078 777 4181 brevissima,
795 4077 1009 4152 maximam.

234 4327 273 4398 (l)
288 4327 332 4382 cf.
350 4309 495 4396 quamdam
512 4327 603 4382 Ovidii
618 4328 799 4382 imitationem
815 4329 842 4381 in
857 4328 950 4381 Aaron.
969 4324 1025 4392 ΙΙΙ,
1046 4325 1086 4387 14,
1102 4339 1128 4380 v,
1146 4325 1157 4374 1
1174 4341 1214 4389 sq.
