3134 5104
734 578 783 595 ...
810 541 856 613 64
882 580 930 594 .-

305 685 457 780 deterta,
484 711 562 762 non
588 688 682 765 male
716 690 824 765 rsibi
851 697 995 764 constat
1024 712 1073 782 η
1101 687 1239 763 Tibulli
1269 684 1361 762 vero

307 819 477 924 Priapus,
498 830 623 899 tenera
636 823 821 926 flebilique
834 825 924 900 voce
942 832 1062 920 utens,
1081 823 1176 902 nihil
1189 821 1288 904 aliud
1302 821 1359 896 viz

306 954 415 1032 detur
423 980 535 1057 quam
546 957 626 1056 ipse
638 969 854 1058 personatus
870 969 991 1059 poeta.

355 1089 511 1190 Longus
526 1102 652 1168 autem
669 1092 732 1170 ille
757 1120 877 1169 sermo
903 1121 977 1195 quo
1000 1091 1181 1185 Tibullus,
1206 1080 1358 1166 nomine

306 1222 444 1324 Priapi,
460 1251 526 1300 sua
543 1224 658 1302 dubio
670 1228 798 1327 procul
812 1228 857 1304 de
874 1253 1074 1329 puerorum
1086 1225 1271 1302 amoribus
1285 1251 1359 1300 ex-

305 1357 507 1458 perimenta
521 1360 672 1460 profert,
691 1362 736 1436 ad
761 1361 830 1438 hoc
853 1363 926 1439 fere
942 1362 1060 1462 redigi
1074 1347 1207 1464 potest.
1230 1361 1359 1436 Primo

304 1505 478 1570 monetur
498 1506 650 1593 amator,
666 1496 698 1573 si
711 1499 855 1574 veneris
875 1498 1039 1575 fructum
1052 1497 1143 1575 velit
1157 1522 1355 1596 capessere,

303 1640 347 1706 ut
359 1655 397 1705 se
410 1629 610 1729 patientem
625 1633 933 1734 pertinacemque,
951 1660 989 1710 se
1006 1634 1046 1708 in
1063 1633 1252 1710 occasione
1267 1630 1359 1706 arri·

296 1765 437 1865 'pianda
452 1792 662 1866 properum,
688 1793 854 1868 sapuero
874 1769 1048 1844 omnibus
1068 1768 1189 1844 modis
1206 1762 1359 1867 praestet

304 1899 567 2000 obsequentem
585 1901 742 1994 3deinde
761 1903 999 1978 obsecrantur
1012 1904 1116 2004 pueri
1136 1928 1183 1978 ne
1198 1903 1358 1977 divitum

305 2035 740 2137 nummosmalintquam
752 2038 948 2114 doctorum
963 2039 1125 2114 carmina
1139 2068 1148 2114 ε
1162 2037 1220 2112 sin
1234 2048 1359 2112 autem

306 2167 399 2243 lucri
412 2170 532 2269 gratia
545 2197 669 2246 musas
684 2172 934 2271 despexerint,
949 2174 1000 2248 eis
1009 2174 1137 2273 gravia
1148 2172 1359 2272 impendere

305 2304 513 2380 maledicta.
539 2305 705 2382 Eatenus
735 2309 945 2383 communia
975 2318 1155 2408 praecepta
1185 2307 1357 2382 Tibullus

303 2437 419 2531 dedit,
437 2438 558 2538 qualia
573 2440 743 2518 videlicet
756 2441 912 2520 Ovidius
927 2442 1016 2518 olim
1033 2442 1187 2518 inlibris
1204 2442 1249 2517 de
1264 2441 1357 2516 Arte

305 2572 453 2648 amandi
467 2602 476 2650 ε
491 2575 629 2651 accedit
640 2578 720 2675 jam
735 2579 857 2653 brevis
874 2581 925 2674 (v,
948 2577 1074 2678 73-84)
1099 2578 1278 2678 epilogus,
1295 2603 1354 2651 cu-

300 2707 364 2804 jus
372 2709 677 2806 quattuorultimi
685 2737 813 2786 versus
823 2712 1166 2812 peculiarempoetac
1175 2737 1355 2801 ancoram,

305 2867 438 2941 nempe
452 2841 664 2920 Marathum
677 2846 783 2922 nobis
797 2847 965 2923 indicant
980 2875 989 2922 t
1085 2891 1091 2900 ·

406 3119 487 3194 Heu,
500 3121 569 3195 hen,
581 3141 671 3204 quam
684 3123 841 3187 Marathus
852 3125 934 3188 lento
945 3144 992 3188 me
1002 3130 1124 3206 torquet
1137 3127 1251 3186 amore!

526 3221 678 3284 Deficiunt
708 3230 798 3295 artes,
825 3224 1027 3306 deficiuntque
1051 3222 1122 3286 doli.

405 3319 507 3396 Paroa,
522 3340 604 3402 puer,
619 3341 729 3404 quaeso.
752 3368 761 3386 .
785 3370 792 3384 .

308 3655 356 3704 ex
377 3629 511 3727 quibus
524 3643 580 3708 sat
595 3645 745 3732 apparet
758 3634 947 3734 hucusque
965 3633 1072 3710 illurn
1086 3634 1269 3734 aucupari,
1281 3658 1358 3707 non

308 3772 460 3840 nactum
472 3791 549 3842 esse
562 3767 711 3846 delicati
730 3769 834 3867 pueri
847 3769 1016 3868 gratiam.

361 3893 409 3971 In
432 3898 479 3974 el.
500 3903 521 3975 8
546 3901 727 3994 Tibullus,
757 3902 848 3992 voti,
874 3913 917 3976 ut
942 3902 1098 3998 videtur,
1127 3925 1284 3999 compos,
1314 3899 1360 3974 de

309 4031 466 4130 propriis
504 4047 627 4110 tamen
669 4036 854 4111 amoribus
892 4046 1002 4128 tacet,
1044 4035 1160 4135 ipsius
1199 4031 1358 4108 Marathi

309 4190 414 4241 ouras
427 4167 632 4266 adumbrat,
646 4171 710 4270 qui
730 4172 811 4269 jam
836 4170 997 4269 puellam
1017 4196 1137 4247 amare
1162 4168 1270 4268 coepit
1290 4191 1357 4241 nec
