3116 5104
683 577 855 624 ..3-

238 703 332 780 Vice
344 731 462 797 versa,
482 705 606 803 plures
624 705 730 778 bonae
743 703 918 778 lectiones
930 713 1131 778 versantur
1162 704 1202 776 in
1225 703 1297 776 Pa-

238 840 378 930 risinis‚
408 865 490 939 quae
517 842 732 938 conjectura
761 864 808 913 ex
838 838 1009 912 codicum
1036 838 1139 913 fonte
1168 838 1301 913 deduci

242 999 321 1047 non
343 975 487 1072 possint
516 973 561 1068 (I,
582 979 618 1066 9,
642 977 688 1050 23
706 1003 716 1069 3
743 971 798 1065 ΙΙ,
816 978 854 1059 4,
881 975 943 1065 123
961 973 1066 1071 etc).
1087 972 1197 1049 Unde
1223 998 1303 1072 per·

244 1109 445 1207 spicitura
476 1110 665 1184 communi
701 1108 870 1184 codicum
904 1118 1054 1206 parente
1098 1106 1304 1206 discrepare

246 1241 498 1317 Parisinorum
516 1243 768 1342 archetypon3
795 1267 873 1316 non
898 1252 1024 1318 tamen
1050 1240 1210 1339 qualiter
1229 1239 1300 1316 Cu-

239 1376 311 1473 jac.
335 1385 400 1450 aut
418 1403 500 1450 exc.
513 1375 514 1378 ’
528 1376 635 1469 Fris„
666 1377 731 1451 sed
755 1377 808 1451 ita
833 1386 887 1470 ut,
907 1375 979 1451 rite
1005 1401 1090 1450 cum
1114 1375 1301 1449 codicibus

244 1508 388 1603 collata,
402 1534 503 1585 nunc
522 1511 790 1610 anteponenda,
812 1535 914 1584 nunc
934 1508 1177 1608 relinquenda
1196 1509 1299 1584 Pari·

245 1642 326 1716 sina
344 1645 430 1719 sirit.

294 1777 506 1854 Fluxerunt
526 1806 548 1853 a
570 1778 737 1880 quolibet
767 1777 931 1854 Parisin.
966 1776 1182 1878 apographo
1206 1777 1299 1851 eclo-

244 1937 301 2008 gae
327 1910 580 2010 Scaligerianae
597 1912 862 2010 (Plautinianae
878 1911 1032 1987 editioni
1056 1909 1250 2010 ascripta),
1264 1922 1301 1986 et

244 2057 418 2144 excerpta
430 2045 619 2123 Vincentii
631 2046 904 2122 Bellovacensis
928 2046 1085 2143 (circiter
1112 2069 1173 2118 an.
1204 2047 1299 2119 1250

244 2179 410 2277 ejusdem
430 2181 578 2281 Speculo
600 2182 790 2256 άοοενίηαίἱ
805 2181 982 2276 inserta):
1007 2179 1109 2278 quod
1123 2205 1298 2253 versuum

242 2315 384 2389 lacunis
395 2317 440 2391 fit
452 2316 700 2392 manifestum.
717 2317 777 2391 At
795 2342 912 2391 novas
924 2315 1009 2389 illas
1022 2313 1297 2414 Excerptorum

242 2447 390 2544 formas,
401 2450 493 2549 ipsis
505 2451 745 2549 praesentibue
755 2450 944 2544 Parisinis,
954 2475 1110 2548 prorsus
1124 2473 1296 2546 respuere

242 2593 389 2679 parent.

510 2821 572 2882 §u
593 2833 627 2872 nn
646 2831 864 2873 uacnuaunnuu
884 2831 1030 2875 cauturus.

293 2991 374 3068 Car.
397 2994 613 3070 Lachmann
632 2998 774 3094 primus
797 3022 922 3071 veram
943 2996 1066 3071 textui
1084 2994 1298 3070 Tibulliano

241 3128 366 3202 crisim
392 3129 559 3204 admovit
583 3129 718 3229 (1829).
750 3130 823 3224 Qui
848 3135 947 3207 inter
972 3141 1029 3206 tot
1054 3129 1296 3229 interpolatos

241 3288 263 3335 a
293 3260 585 3363 Ciaqaeccnttstia
606 3265 748 3341 codices
771 3267 935 3366 quinque
963 3265 1117 3339 omnino
1142 3263 1294 3362 delegit,

240 3406 418 3494 tanquam
428 3395 597 3472 meliores
609 3440 657 3453 —
665 3398 726 3473 vel
736 3399 861 3472 minus
869 3423 1002 3497 pravos
1012 3439 1062 3455 -
1072 3397 1190 3473 trium
1203 3397 1293 3472 clas·

240 3531 337 3603 sium
349 3540 472 3626 testes,
488 3531 627 3606 scilicet
644 3562 653 3608 ε

292 3667 326 3736 1·
339 3663 608 3740 Eboracensem
627 3667 705 3764 (A),
723 3691 781 3741 an.
803 3665 898 3740 1425
918 3678 1127 3758 exaratum,
1152 3662 1297 3738 Heiusii

244 3795 437 3873 collatione
457 3800 720 3874 tantummodo
743 3811 902 3893 notum3

296 3927 557 4006 2⁶Parisinum
570 3931 641 4032 (B),
661 3958 720 4006 an.
741 3936 838 4006 1423
858 3958 943 4022 ex.;

297 4069 335 4140 3·
347 4067 572 4142 Wittianum
591 4065 651 4167 (c),
669 4066 860 4140 Datanum
888 4066 950 4164 (d),
981 4075 1180 4162 utrumque
1201 4063 1299 4138 intra

250 4221 307 4271 an.
317 4203 411 4275 1450
426 4211 462 4274 et
474 4204 579 4292 1500,
596 4211 633 4275 et
655 4199 938 4275 Askerwianum
955 4200 1006 4298 (e)
1021 4225 1081 4272 an.
1099 4200 1194 4270 1403
1216 4221 1297 4272 ex.:
