3134 5104
606 611 655 628 ..
676 575 724 646 97
749 611 799 630 .-

168 723 373 825 nendisque
390 735 428 801 et
446 725 486 798 in
498 734 581 800 toto
601 722 771 824 ponendo
792 733 920 799 artem.
942 721 1222 824 Praeoipurrum

168 857 298 934 saltem
312 859 513 960 elegiarum
524 881 755 958 unoquoque
775 857 1034 958 (siquemdem
1047 883 1066 934 e
1077 857 1218 934 musioe

169 992 450 1071 similitudinem
462 991 595 1070 duoere
607 993 707 1090 lieet)
731 991 836 1092 qnasi
855 992 1002 1093 integre
1013 992 1223 1094 symplwnia

169 1137 237 1220 est,
258 1127 441 1204 flebilibus
459 1151 601 1227 semper
614 1151 654 1204 ee
673 1127 850 1203 suavibus
869 1125 989 1202 modis
1014 1127 1217 1227 insipiene3

168 1261 304 1338 exinde
331 1262 486 1340 diverse
510 1262 673 1338 subeunt
695 1261 982 1353 modulationes,
1008 1261 1107 1338 inter
1129 1285 1222 1363 ques

169 1397 324 1474 recurrit
336 1397 538 1473 identidem
553 1395 770 1494 primarium
782 1393 919 1486 theme,
933 1394 1140 1472 luculenter
1157 1419 1224 1470 ree

170 1530 319 1607 riutum.
338 1529 440 1606 Dum
457 1542 581 1607 autem
600 1556 792 1606 maerorem
809 1540 845 1606 et
861 1529 1041 1624 laetitiam,
1058 1555 1160 1628 spem
1184 1529 1223 1604 'et

148 1739 152 1750 ,
170 1675 326 1760 metum,
340 1664 469 1740 funere
478 1675 515 1741 et
526 1666 643 1740 vitem
654 1663 818 1741 vicisim
825 1664 931 1739 audis
943 1664 1115 1764 exprimi,
1129 1663 1224 1738 nihil

169 1825 335 1898 unquam
348 1799 507 1899 abrupti,
522 1799 616 1873 nihil
626 1799 764 1875 dissoni
778 1800 817 1874 in
828 1799 1097 1875 contrariorum
1108 1823 1221 1898 oppo-

171 1934 303 2010 sitione
324 1933 495 2028 offendit,
513 1933 576 2008 sed
602 1956 714 2034 quem
729 1931 921 2009 lenissimo
933 1933 1095 2009 transitu
1120 1931 1221 2006 aliud

170 2093 218 2147 ex
231 2068 316 2161 ulio,
334 2068 486 2170 perinde
499 2091 541 2144 eu
554 2068 588 2142 ei
607 2068 763 2144 fluctum
776 2068 913 2145 fluetus
930 2067 1055 2168 pellet,
1084 2066 1221 2143 exoriri

170 2201 330 2279 videtur.
357 2201 538 2278 Asoendit
564 2226 653 2303 ergo
680 2214 717 2278 et
746 2202 947 2298 deseendit,
976 2200 1151 2278 tumescit
1181 2211 1219 2276 et

172 2335 319 2412 sedatur
354 2337 478 2431 melos,
520 2336 649 2431 donec,
685 2346 816 2435 pacato
848 2335 986 2413 sensim
1020 2335 1225 2411 affectuum

169 2470 349 2562 tumultu,
366 2471 407 2545 in
420 2472 530 2571 pleno
543 2471 775 2570 perfectoque
790 2481 972 2547 oonoeutu
996 2470 1169 2570 quiescit.

218 2603 328 2696 Quod
355 2606 389 2680 si
413 2606 580 2680 animum
602 2603 838 2681 advertemus
859 2605 1087 2705 exquisitam
1116 2603 1220 2680 illem

170 2747 312 2814 nrturae
336 2739 499 2838 artisque
524 2739 752 2839 temperiem,
768 2739 889 2839 quulis
909 2740 977 2815 vix
997 2737 1088 2814 alibi
1107 2764 1226 2840 quem·

171 2873 269 2972 apud
291 2872 510 2972 purissimos
531 2871 746 2948 Graeoorum
770 2883 966 2948 auctorum
1002 2873 1227 2972 reperietur,

55 2988 58 2992 ⁵
170 3007 361 3083 accedente
375 2991 486 3083 etiem
498 3007 627 3082 innato
644 3007 805 3106 quodam
816 3017 854 3082 et
866 3007 1000 3082 intimo
1011 3005 1136 3104 lepore
1146 3029 1222 3106 quo

169 3139 466 3238 poetaeomnium
478 3152 633 3216 etatum
642 3141 816 3240 perpauci
829 3165 932 3241 aeque
944 3141 1140 3216 nituerunt
1154 3139 1219 3239 (1),

170 3297 238 3349 nee
259 3271 492 3368 Quintiliano
508 3273 800 3350 oontredioemns
818 3273 1021 3350 decleruuti
1036 3273 1106 3348 sibi
1120 3272 1221 3349 inter

171 3407 371 3486 latinorum
382 3409 572 3511 elegorum
587 3408 796 3486 conditores
812 3433 833 3484 t
853 3409 1017 3485 martimo
1026 3419 1169 3485 tersum
1182 3419 1222 3484 et

171 3543 374 3643 elegantem
386 3545 503 3620 videri
521 3543 712 3620 Tibullum
724 3567 759 3638 r,
774 3567 842 3619 nee
859 3543 1037 3620 Suetonio
1049 3543 1218 3621 erundum

170 3677 341 3778 opinanti
390 3705 410 3750 e
433 3680 639 3779 prinoipem
663 3680 762 3754 inter
798 3677 1064 3778 elegogrephos
1098 3688 1222 3755 tenere

171 3811 295 3890 loeum
310 3840 347 3908 ις
364 3823 404 3889 et
419 3837 495 3888 une
507 3813 658 3889 demum
672 3837 759 3888 eum
778 3811 989 3913 Sigmundo
1013 3809 1156 3890 Teuffel
1171 3812 1223 3912 (2)

206 4055 243 4128 (1)
257 4053 389 4120 Quoeirue
409 4053 548 4124 Vergilius
562 4053 737 4126 potissimum
760 4057 947 4122 nostratesque
960 4050 1062 4106 Recine
1073 4057 1101 4106 et
1113 4049 1223 4106 horar-

173 4143 230 4199 tine
244 4161 305 4200 oum
315 4141 427 4199 Tibullo
440 4139 511 4198 ben'e
525 4141 645 4232 conferri
661 4141 775 4215 possint.

208 4235 249 4305 (2)
262 4235 323 4298 lut.
338 4237 394 4303 cit,
406 4233 424 4288 3
435 4232 566 4306 (fidelis
576 4233 732 4301 linum).
