3134 5104
766 611 812 626 ...
838 577 887 646 46
915 615 957 628 ..

338 719 487 796 licitatis
502 723 619 821 spatia
635 724 850 822 -optimae
877 723 1051 802 clausulae
1073 724 1257 802 character
1273 724 1384 799 inest.

328 905 332 944 :
387 854 601 956 Elegiarum
617 857 733 958 igitur
758 868 796 934 et
814 857 1018 957 principem
1045 857 1103 955 (el.
1133 858 1168 956 l)
1191 869 1229 934 et
1248 867 1388 959 postre-

336 1013 436 1065 mam
449 989 510 1086 (el.
533 993 569 1090 6)
582 1017 668 1066 cum
691 992 769 1066 sine
798 992 912 1069 dubio
936 1003 1136 1087 teneamus,
1153 1003 1318 1092 superest
1343 1003 1389 1068 ut

335 1133 409 1199 tres
423 1125 650 1225 interpositae
668 1125 747 1200 aliae
765 1127 1008 1203 ordinentur:
1029 1127 1128 1228 quod
1147 1125 1316 1202 bifariam
1329 1127 1387 1220 fit,

336 1259 413 1335 sive
439 1286 523 1334 cum
547 1260 699 1336 AEmilio
719 1261 895 1337 Baehrens
927 1261 1107 1338 traditum
1127 1261 1294 1336 ordinem
1312 1287 1386 1337 ser·

334 1418 476 1489 ramus,
488 1395 574 1490 sive,
588 1406 631 1470 ut
642 1396 916 1493 voluitDissen‚
929 1398 973 1474 el.
985 1397 1192 1497 apostata
1211 1396 1386 1495 rejicitur.

336 1529 397 1603 Ab
412 1527 483 1604 hoc
505 1540 629 1605 autem
641 1531 770 1606 ordine
788 1530 1021 1627 Disseniano,
1038 1532 1102 1631 qui
1115 1541 1153 1606 et
1165 1532 1282 1607 doctis
1296 1531 1387 1606 viris

335 1661 486 1763 Gruppe
503 1674 540 1739 et
560 1662 701 1740 Teuffel
716 1667 936 1766 perplacuit,
965 1667 1082 1743 totius
1108 1667 1160 1741 rei
1185 1665 1386 1766 singularis

333 1798 500 1897 quaedam
527 1799 662 1898 pendet
697 1801 963 1900 interpretatio,
993 1802 1100 1877 nobis
1125 1801 1185 1874 hic
1223 1801 1386 1876 breviter

333 1932 592 2009 contrahenda.

382 2067 512 2142 Trium
523 2095 605 2168 quae
622 2069 804 2167 imprimis
825 2067 996 2143 locantur
1007 2067 1209 2168 elegiarum
1225 2067 1274 2168 (1,
1292 2072 1326 2160 3,
1343 2067 1381 2166 5)

332 2203 536 2295 materiam,
545 2202 615 2277 hoc
626 2214 682 2278 est
694 2203 834 2278 felicem
847 2201 986 2277 Tibulli
998 2201 1037 2276 in
1051 2200 1197 2276 Deliam
1209 2226 1381 2297 amorem,

333 2335 448 2411 Deliae
464 2363 551 2437 erga
575 2337 767 2412 Tibullum
780 2339 971 2413 absentem
991 2336 1194 2436 perfidiam,
1212 2336 1298 2412 inde
1322 2362 1381 2411 or-

331 2480 388 2544 tas
401 2470 497 2546 inter
504 2482 715 2570 utrumque,
728 2498 818 2547 mox
826 2473 1048 2572 compositas
1060 2470 1272 2556 discordiae,
1287 2495 1385 2545 com·

331 2605 437 2678 muni
457 2604 693 2704 legitimaque
708 2607 851 2713 ratione
866 2605 1000 2682 Dissen
1017 2606 1214 2705 explanat3
1232 2615 1379 2703 praeter·

331 2764 441 2837 quam
457 2740 556 2838 quod
577 2738 722 2816 Deliam
743 2742 881 2816 interea
902 2740 1064 2840 puellam
1089 2739 1286 2839 innuptam
1302 2764 1382 2813 esse

329 2873 449 2972 fingit.
479 2873 584 2950 Circa
608 2873 762 2974 elegiam
777 2878 799 2948 2
817 2886 942 2950 autem
962 2876 1145 2974 (quartam
1175 2873 1381 2949 secundum

298 3089 300 3096 y
330 3005 478 3105 Dissen)
492 3008 689 3082 mirificum
702 3008 841 3084 fabellae
855 3009 996 3084 nodum
1012 3009 1199 3108 excogitat
1220 3007 1381 3107 :quippe

295 3113 300 3131 ⁴
331 3141 520 3218 contendit
539 3141 693 3218 divitem
708 3144 845 3237 virum,
861 3144 926 3242 qui
943 3144 982 3217 in
996 3143 1071 3218 el.5
1085 3141 1230 3218 Deliam
1241 3142 1281 3215 in
1302 3139 1380 3216 cul·

328 3299 415 3376 pam
442 3275 634 3351 induxisse
660 3276 862 3365 dicebatur,
885 3277 946 3351 hic
971 3277 1052 3375 jam
1094 3276 1134 3350 in
1163 3277 1269 3374 justo
1299 3300 1378 3349 ma·

326 3410 501 3485 trimonio
520 3410 662 3505 habere,
684 3412 737 3487 ita
764 3423 807 3487 ut
829 3437 921 3510 quas
949 3411 1102 3486 insidias
1129 3409 1379 3510 peregrinanti

322 3543 477 3620 Tibullo
502 3572 622 3645 nuper
640 3571 659 3621 c
676 3558 849 3622 amator»
867 3537 1003 3632 fecerit,
1028 3546 1147 3621 eidem
1173 3571 1273 3618 nunc
1297 3569 1378 3618 ma-

325 3679 397 3754 rito
411 3705 570 3777 praesens
584 3706 732 3755 rursum
748 3681 918 3756 Tibullus
932 3680 1039 3756 faciat
1051 3679 1203 3773 ;exinde
1224 3678 1378 3755 tertium

326 3812 386 3912 (el.
401 3813 438 3912 6)
451 3813 621 3913 ingruere
635 3815 860 3908 corrivalem,
879 3815 948 3889 sub
960 3816 1035 3889 fine
1055 3814 1166 3888 etiam
1182 3812 1226 3889 el.
1241 3817 1261 3887 5
1279 3838 1375 3911 prae·

323 3947 584 4048 significatum,
606 3974 716 4050 aquo
741 3959 896 4048 uterque
919 3948 1030 4023 simul
1053 3948 1225 4023 laedatur.
1256 3946 1377 4045 Atqui

320 4082 360 4156 in
374 4082 440 4158 illa
462 4094 594 4186 arguta
608 4127 656 4139 -
675 4084 737 4159 sed
769 4094 901 4184 arguta
924 4083 1034 4157 nimis
1060 4080 1376 4181 -explicatione

319 4217 427 4317 plura
440 4218 636 4294 offensioni
651 4229 749 4312 sunt,
761 4243 843 4318 quae
861 4218 1025 4293 minuere
1041 4225 1230 4317 nequeunt
1245 4214 1373 4290 Disse-
