3116 5104
604 592 797 661 ..99-

180 748 309 814 auctor
322 782 370 796 —
382 742 594 840 poeticaque
607 740 670 814 illa
682 740 930 839 gratulatione
954 743 1024 815 sibi
1037 755 1230 839 paraverat

181 873 400 971 adjutorem.
428 875 616 976 Quidquid
643 877 682 950 id
711 887 776 968 est,
802 875 958 950 Messala
984 877 1111 952 eodem
1135 902 1233 952 anno

183 1017 262 1080 tam
274 1008 499 1084 familiariter
510 1009 660 1084 Tibullo
680 1009 866 1101 utebatur,
884 1021 927 1085 ut
948 1037 1070 1084 secum
1092 1010 1132 1084 in
1147 1009 1231 1087 Gal·

184 1142 283 1234 liam,
297 1145 337 1217 in
353 1142 517 1219 Ciliciam
535 1143 712 1218 abducere
727 1155 875 1244 cuperet
892 1174 901 1218 ι
929 1171 1010 1243 quae
1023 1145 1105 1218 duae
1123 1154 1231 1244 expe-

122 1269 125 1274 ’
184 1275 342 1353 ditiones
360 1279 437 1353 sine
452 1279 567 1353 dubio
580 1289 616 1353 et
643 1289 726 1376 post
743 1279 932 1353 Actiacam
955 1279 1159 1374 victoriam,
1175 1279 1234 1354 cui

186 1409 341 1487 Messala
370 1414 596 1506 interfuerat,
613 1424 651 1488 et
681 1423 766 1487 ante
792 1413 1025 1511 triumphum
1050 1440 1159 1513 quem
1189 1415 1234 1488 de

183 1547 273 1622 fusis
290 1549 487 1647 Aquitanis
499 1548 710 1646 reportavit,
728 1548 864 1622 scilicet
883 1548 979 1622 intra
993 1575 1052 1623 an.
1073 1551 1234 1623 raa-727

183 1682 414 1758 factasunt:
434 1682 496 1758 serl
521 1692 605 1757 utra
620 1692 784 1779 tempore
802 1682 914 1780 prior,
933 1682 1103 1781 quisnam
1121 1684 1235 1781 potis·

186 1816 322 1890 simum
339 1815 550 1916 Aquitanici
562 1816 648 1890 belli
662 1842 781 1889 annus
804 1816 925 1907 fucrit,
941 1816 979 1888 in
993 1817 1179 1916 ambiguo
1198 1817 1237 1892 Si

186 1951 386 2026 enimcum
410 1951 500 2026 viris
528 1951 664 2024 criticis
692 1949 838 2042 Disscn,
857 1951 1042 2042 Baehrens,
1061 1951 1238 2051 Hartung

186 2086 392 2184 Aquitanas
406 2097 535 2184 gentes
550 2111 610 2158 an.
630 2086 700 2158 724
713 2053 1122 2176 denominatarum,
1140 2112 1236 2183 quae·

184 2231 287 2294 retur
296 2218 480 2319 quomodo
492 2219 655 2294 evenerit
670 2231 712 2293 ut
725 2218 890 2294 Messalae
904 2220 1116 2314 triumphus
1125 2219 1237 2293 modo

186 2353 428 2430 celebraretur
446 2364 613 2428 extremo
639 2379 697 2430 an.
729 2356 811 2427 727.
839 2353 902 2428 Sin
923 2380 982 2427 an.
1013 2356 1094 2446 726,
1117 2354 1237 2450 majus

186 2489 290 2564 obest
315 2487 621 2586 impedimentum
647 2517 655 2561 :
684 2514 771 2561 nam
806 2499 953 2563 constat
985 2514 1044 2562 an.
1078 2490 1236 2562 tas-726

187 2622 352 2697 clausum
367 2621 478 2696 fuisse
492 2621 581 2696 Jani
595 2622 788 2719 templum,
805 2633 841 2697 et
858 2648 1069 2722 quanquam
1083 2648 1158 2721 pax
1175 2622 1239 2695 illa

186 2755 332 2853 imperii
363 2754 534 2843 Romani,
552 2766 647 2830 teste
674 2753 800 2830 Cassio
825 2753 945 2828 Dione
972 2753 1041 2852 (1),
1056 2755 1238 2854 aliquibus

186 2888 335 2963 turbata
347 2899 403 2962 est
417 2886 652 2962 Trevirorum
668 2887 994 2987 Hispanorumque
1003 2886 1239 2979 tumultibus,

187 3024 277 3098 item
303 3023 482 3097 exarsisse
514 3022 768 3121 Aquitaniam,
793 3034 830 3097 et
856 3023 970 3096 tantis
997 3021 1134 3120 proeliis
1160 3046 1241 3119 quac

188 3157 274 3231 duci
317 3157 549 3255 triumphum
605 3168 795 3254 pararent,
847 3159 1049 3255 conjectare
1092 3156 1243 3230 omniuo

187 3291 396 3390 nequimus.
410 3289 500 3365 Ideo
515 3301 674 3365 statuere
687 3293 801 3366 satius
814 3302 869 3365 est
885 3290 1080 3365 Messalam
1100 3317 1158 3364 an.
1173 3294 1241 3363 724

189 3425 289 3524 apud
303 3423 430 3501 Gallos
456 3424 661 3517 bellavisse,
697 3453 788 3500 mox
813 3426 928 3500 dilato
960 3425 1162 3523 triumpho,
1180 3450 1239 3497 an.

192 3565 212 3634 7
217 3562 261 3633 25
278 3559 443 3658 legatum
467 3584 544 3632 esse
565 3559 604 3630 111
630 3557 828 3653 Orientem,
852 3559 916 3659 qui
941 3558 1086 3649 Cilicas,
1114 3558 1240 3656 Syros

191 3702 318 3790 postea
336 3691 536 3791 AEgyptios
557 3691 715 3790 politicis
745 3693 863 3790 magis
888 3719 999 3790 quam
1024 3691 1244 3765 militaribus

193 3826 334 3899 artibus
356 3837 590 3922 componeret
607 3855 615 3898 :
631 3853 716 3900 cum
742 3851 814 3924 qua
831 3827 1012 3900 sententia
1043 3825 1160 3923 ipsius
1181 3825 1243 3897 Τ1-

194 3957 286 4032 1111111
304 3931 422 4032 sermo
441 3983 642 4056 congruere
657 3960 814 4051 videtur,
829 3958 944 4054 quiin
960 3956 1007 4032 el.
1026 3956 1056 4048 l,
1075 3961 1094 4030 7
1116 3956 1166 4052 (r.
1184 3956 1244 4026 10·

234 4162 457 4233 (1111011101.
478 4162 588 4226 L1,aa.
609 4193 644 4202 -
668 4163 714 4217 Cf.
739 4163 908 4233 Appianum,
928 4164 983 4216 ael.
1011 4162 1060 4214 cia.
1079 4158 1131 4227 IV,
1154 4157 1197 4225 38,
1215 4154 1248 4210 do
1362 4153 1364 4157 ’

196 4251 314 4306 Messala
328 4251 356 4304 in
370 4250 492 4305 Gallosa
508 4251 614 4305 Caesare
629 4252 728 4322 legata.
