3116 5104
748 587 796 602 ..
824 551 845 621 3
873 591 920 604 -

305 706 382 780 rius
396 703 596 802 diligenter
610 725 696 776 cum
713 725 794 774 exc.
807 697 986 774 Parisinis
1002 699 1225 774 contulerit:
1241 723 1361 796 neque
1437 796 1441 804 ‚

305 835 563 936 improbanda,
587 843 632 907 ut
652 832 795 930 opinor,
809 831 920 930 hujus
939 834 1226 932 argumentatio,
1249 831 1361 906 Nam·

306 995 389 1068 que,
407 968 507 1070 quod
525 965 571 1042 ad
588 976 764 1040 externas
788 965 950 1042 rationes
965 967 1110 1060 attinet,
1137 966 1301 1043 ostendit
1322 975 1360 1040 et

307 1104 472 1203 ejusdem
500 1099 680 1198 temporis
705 1098 877 1174 librarios
904 1100 1037 1200 saepius
1066 1100 1243 1176 Parisinis
1273 1126 1360 1175 usos

307 1265 396 1332 esse,
425 1249 462 1312 et
481 1233 690 1334 prasertim
722 1229 845 1308 Guelf.
871 1233 943 1308 tria
967 1235 1098 1312 saltem
1132 1235 1212 1312 loca
1239 1235 1359 1310 inesse

308 1398 476 1473 quorum,
485 1369 558 1444 nisi
568 1367 736 1443 Parisina
749 1367 914 1444 adhibita
923 1370 1210 1472 praesumpseris,
1225 1369 1292 1444 vix
1304 1395 1358 1444 ra·

305 1509 445 1582 tionem
461 1503 612 1596 reddas;
628 1500 773 1588 deinde,
798 1502 897 1600 quod
923 1501 969 1576 ad
989 1502 1163 1580 intimam
1191 1502 1358 1581 Guelfer-

305 1640 436 1741 bytani
455 1638 629 1732 indolem,
646 1637 733 1735 jure
749 1635 947 1712 Rothstein
975 1637 1135 1713 aestimat
1167 1663 1362 1738 nunquam

304 1777 391 1850 hinc
399 1801 513 1850 novas
523 1771 712 1871 utilesque
728 1772 957 1872 suppeditari
965 1773 1111 1867 formas,
1122 1774 1247 1874 quales
1259 1800 1295 1848 v.
1304 1797 1360 1876 gr.
1415 1805 1419 1812 ·

308 1937 328 1987 e
348 1909 548 2008 Gujaoiano
561 1936 572 2001 3
585 1907 784 2006 plerasque
801 1931 890 1980 vero
906 1906 1081 1984 lectiones
1095 1934 1186 2008 quas
1199 1909 1362 1984 maxime

309 2044 513 2120 laudandas
528 2068 606 2118 esse
620 2052 657 2116 et
675 2043 811 2116 bonam
826 2040 962 2116 codicis
977 2043 1158 2142 originem
1172 2043 1361 2120 testificari

311 2177 486 2252 Baehrens
502 2175 714 2266 arbitratur,
727 2173 824 2250 nihil
838 2201 917 2250 esse
927 2175 1077 2252 demum
1101 2187 1235 2276 praeter
1248 2187 1359 2252 teme·

310 2310 422 2385 rarias
435 2308 589 2384 litterati
605 2307 745 2382 librarii
762 2309 1003 2406 conjecturas.
1037 2309 1178 2411 Itaque,
1208 2311 1240 2386 si
1265 2321 1362 2386 recte

309 2444 477 2536 senseris,
490 2440 611 2520 Guelf.
627 2442 832 2518 deterrimis
843 2443 1009 2543 vulgaris
1023 2444 1172 2520 familiar
1185 2469 1359 2520 annume-

308 2579 418 2670 rabis,
447 2577 588 2652 nedum
601 2576 713 2652 istius
730 2576 849 2674 gratia
865 2577 988 2654 crisim
1007 2577 1258 2655 Tibullianam
1281 2604 1362 2676 pro-

305 2713 433 2790 fecisse
445 2725 569 2812 putes.

358 2935 536 3014 Omnium
565 2961 666 3011 nuno
697 2959 790 3036 quos
817 2933 993 3031 diximus,
1024 2936 1160 3010 omisso
1198 2935 1360 3013 Guelfer-

307 3074 461 3172 bytano‚
478 3070 646 3146 codicum
677 3068 768 3142 ordo
790 3079 901 3166 atque
925 3069 1157 3144 necessitudo
1188 3070 1292 3145 facile
1321 3070 1361 3146 in

308 3207 378 3283 hoc
395 3215 588 3281 stemmate
607 3202 773 3278 cernitur
791 3217 814 3276 :'

309 3378 350 3444 F.
369 3377 443 3462 Ouj.
835 3373 845 3459 )
1086 3465 1162 3483 κ
1174 3375 1255 3442 Fixa.
1272 3375 1358 3442 Fris.

530 3517 588 3607 (Χ)
657 3511 658 3516 Ν
996 3519 1007 3604 )·

827 3517 1142 3642 A...

463 3607 670 3728 urebaris.
953 3692 1001 3781 (Ζ)

925 3928 931 4010 Ι
995 3925 1073 3992 Vat.

432 4027 601 4164 uxiano.
622 4038 775 4160 unsar.
840 4089 872 4156 A
918 4078 959 4152 Β·
1106 4082 1160 4174 (o)

1100 4177 1167 4198 w

1087 4203 1169 4268 odo
