3116 5104
748 601 945 673 ...30-

334 753 427 852 sqq.)
451 754 488 827 in
520 750 682 826 Messalae
697 749 844 824 laudem
869 752 990 850 primo
1003 753 1049 828 de
1069 753 1279 853 Aquitanis,
1299 755 1383 830 dein

333 887 376 961 de
396 885 572 962 Cilicibus
590 895 627 959 et
646 883 772 959 ceteris
792 885 904 959 dicat.
978 891 980 898 '

380 1019 519 1096 Eadem
531 1019 647 1118 elegia
662 1018 833 1093 Tibullus
856 1046 932 1096 sese
952 1020 1060 1097 rebus
1076 1022 1308 1122 Aquitanicis
1325 1023 1383 1098 in·

329 1155 498 1231 terfuisse
512 1164 670 1230 testatur
687 1183 696 1229 ι

407 1368 479 1432 Non
493 1369 558 1432 sine
569 1387 616 1430 me
627 1372 672 1429 est
685 1366 743 1429 tibi
757 1371 859 1448 partus
870 1367 982 1430 honos:
997 1367 1135 1432 Tarbella
1147 1372 1261 1451 Pyrene

529 1484 639 1558 Testis,
653 1489 684 1547 et
696 1483 808 1546 Oceani
823 1484 914 1547 litora
933 1484 1088 1548 Santonici
1103 1487 1115 1566 (
1138 1487 1163 1566 ).

328 1708 379 1782 Et
407 1707 631 1785 Suetoniano
653 1708 790 1806 scripto
805 1734 1001 1783 monemur
1025 1709 1133 1782 illum
1160 1720 1252 1786 tunc
1281 1709 1379 1786 Mes·

328 1840 413 1918 salac
446 1868 464 1917 c
490 1840 790 1918 contubernalem
814 1841 920 1917 donis
948 1843 1170 1919 militaribus
1198 1844 1379 1920 donatum

327 2003 404 2052 esse
429 2001 463 2051 a.
496 1977 549 2052 At
575 1976 669 2051 illud
700 1977 983 2051 contubernium
1011 1979 1175 2078 suspicor
1207 1978 1306 2052 haud
1337 1979 1377 2053 in

327 2139 476 2188 sensum
488 2113 598 2186 nimis
618 2112 792 2187 bellicum
806 2113 1082 2211 accipiendum:
1103 2113 1282 2187 nimirum
1299 2138 1377 2188 non

325 2259 402 2322 tam
420 2247 460 2322 in
473 2246 599 2348 proelia
613 2247 717 2321 miles
731 2272 840 2346 quam
853 2248 1158 2348 peregrinationis
1173 2274 1293 2324 comes
1311 2274 1375 2324 no·

325 2382 436 2457 bilem
480 2382 638 2456 amicum
666 2383 898 2481 sequebatur.
930 2379 1065 2458 Omnia
1092 2384 1190 2458 enim
1217 2384 1377 2458 carmina

324 2516 431 2592 nobis
457 2516 644 2591 hominem
680 2516 846 2591 redolent
876 2516 939 2616 qui
973 2517 1112 2592 bellum
1149 2518 1375 2617 aliquamdiu

325 2651 553 2750 spectaverit,
583 2677 684 2725 arma
725 2676 811 2725 vero
845 2651 998 2725 minime
1031 2652 1196 2750 gesserit,
1237 2652 1376 2726 nedum

324 2786 413 2885 quid
454 2784 651 2860 verisimile
683 2785 842 2859 habeant
882 2808 1123 2884 quaecumque
1155 2785 1290 2861 Dissen
1327 2785 1373 2860 de

325 2921 484 3019 equestri
510 2918 755 2993 adulescentis
769 2917 902 2992 militia
916 2918 1213 3018 decennibusque
1236 2919 1373 3019 stipen-

327 3054 398 3128 diis
422 3061 692 3128 commentatus
714 3061 769 3126 est
789 3053 856 3146 (2).

371 3188 506 3264 Redux
533 3187 578 3262 ab
594 3186 817 3286 Aquitanico
845 3185 951 3282 bello,
977 3186 1016 3259 in
1047 3185 1177 3260 Asiam
1201 3186 1269 3261 sub
1288 3212 1374 3262 vere

357 3457 395 3530 (1)
415 3455 535 3510 Primum
554 3471 661 3510 versum
684 3454 818 3510 Baehrens
846 3453 992 3508 admodum
1022 3469 1106 3524 prave
1128 3452 1168 3508 sic
1190 3450 1368 3509 immutavit:

321 3567 336 3597 α
351 3545 414 3601 Non
429 3545 487 3600 sine
498 3549 585 3600 marte
597 3546 637 3600 ibt
648 3549 743 3615 partus
761 3544 882 3604 honos...
899 3563 924 3600 r.
941 3541 1103 3598 Duriuscula
1116 3541 1211 3596 auditu
1232 3542 1325 3612 verba,
1341 3550 1372 3598 et

318 3635 427 3691 ridiculi
440 3651 536 3690 sensus
552 3650 559 3689 ε
573 3651 637 3687 nam
652 3632 803 3704 triumphos
819 3657 832 3681 α
845 3650 901 3687 non
916 3631 974 3686 sine
994 3637 1080 3687 marte
1095 3651 1109 3685 o
1125 3631 1257 3702 reportari
1269 3636 1369 3702 solere,

319 3723 378 3796 quis
397 3723 525 3779 dubitat?
537 3723 612 3786 Quod
629 3729 720 3778 autem
735 3721 880 3778 cavillatur
895 3721 1024 3776 Baehrens
1043 3721 1141 3791 :juxta
1156 3721 1297 3791 vulgarem
1315 3720 1370 3776 lec-

315 3815 430 3884 tionem,
450 3818 559 3884 poetam
578 3811 676 3869 stolide
693 3811 726 3866 de
738 3811 809 3867 fusis
824 3811 970 3883 Aquitanis
988 3811 1109 3881 gloriari,
1127 3811 1219 3867 nescio
1239 3811 1302 3882 quid
1318 3809 1372 3864 sibi

318 3903 385 3960 velit
402 3919 409 3958 t
422 3919 476 3958 non
490 3905 549 3958 stne
560 3919 602 3958 me
616 3918 785 3972 nequequam
797 3900 869 3956 idem
880 3900 1016 3972 significat
1029 3917 1062 3954 ac
1070 3917 1124 3971 per
1138 3916 1189 3959 me.

355 3994 393 4064 (2)
412 3991 515 4047 Nititur
529 3990 558 4044 in
579 3990 686 4060 Polybii
707 3989 873 4060 testimonio,
890 3989 980 4062 legem
998 3988 1246 4060 commemorantis,
1262 4005 1297 4042 cx
1315 4005 1371 4064 qua

318 4084 441 4139 Romano
450 4079 534 4151 equiti
541 4079 747 4151 (septemdecim
761 4096 846 4134 annos
860 4079 934 4151 neto)
945 4078 1077 4134 decennia
1088 4078 1224 4150 stipendia
1235 4079 1370 4136 merenda

316 4172 436 4242 tuerint;
453 4186 508 4227 non
519 4170 637 4241 anquirit
648 4174 739 4224 autem
749 4186 783 4224 au
797 4168 951 4226 novissimis
970 4168 1063 4225 liberae
1073 4168 1232 4241 reipublicae
1242 4167 1370 4239 tempori·
1433 4173 1436 4182 '

220 4309 223 4316 .
317 4263 367 4319 bus
378 4262 435 4334 jam
450 4259 586 4332 ejusmodi
598 4259 673 4330 leges
684 4257 877 4314 obsoleverint.
