3134 5104
628 605 669 616 ....
703 567 824 634 41..

208 739 325 788 versu
338 724 545 788 mutaretur
562 711 626 812 (1).
655 711 831 804 Quinimo
852 710 970 786 Deliae
984 711 1164 786 vocabulo
1183 737 1265 810 pcr-

211 858 383 923 sonatam
408 873 486 924 esse
504 845 671 950 ¹puellam
696 845 868 920 Planiam
882 846 928 921 ab
945 845 1106 944 Apuleio
1129 845 1264 945 accepi-

210 1008 299 1056 mus
320 982 373 1080 (2)
396 1012 405 1059 :
430 983 486 1081 cuj
494 1009 534 1057 us
554 981 822 1072 testimonium,
839 981 982 1056 nullam
994 980 1042 1056 ob
1056 1005 1204 1055 oausam
1220 981 1266 1055 ab

211 1117 241 1192 J
242 1117 318 1192 ulio
331 1119 451 1218 Soury
462 1117 736 1218 impugnatum,
753 1142 796 1192 eo
813 1115 989 1192 sincerius
1004 1115 1152 1191 videtur
1166 1116 1265 1215 quod

204 1252 364 1350 joculari
375 1253 534 1353 quadarn
548 1250 790 1327 translatione
799 1249 908 1328 Deba
923 1249 1088 1326 ePlaaia
1100 1247 1206 1350 (δῆλος
1217 1283 1266 1315 =

213 1387 363 1486 planus)
378 1389 515 1487 optime
530 1388 623 1488 fingi
639 1387 802 1487 potuerit
815 1413 827 1482 3
858 1386 899 1462 ni
920 1384 1136 1484 simpliciter
1157 1392 1265 1484 putes

211 1523 361 1622 proprio
369 1521 498 1598 Dianae
514 1522 726 1623 cognomini
734 1520 869 1597 blande
881 1520 1042 1598 alludere
1053 1531 1214 1619 poetam.

263 1655 369 1732 Delia
386 1657 460 1753 illa,
476 1668 521 1732 ut
538 1657 701 1757 primum
721 1655 871 1732 Tibullo
884 1655 1034 1755 placuit,
1050 1665 1167 1754 nupta
1185 1655 1201 1753 j

213 1802 294 1867 erat
308 1791 366 1892 (el.
384 1791 415 1886 I,
431 1797 464 1885 2,
482 1818 520 1866 v.
542 1796 588 1866 41
603 1789 654 1885 ;I,
667 1795 699 1885 6,
721 1791 880 1889 passim3
900 1816 985 1865 cum
1002 1788 1136 1889 quibus
1156 1789 1267 1864 etiam

214 1927 400 2027 conspirat
414 1928 460 2003 el.
475 1925 505 2023 l,
522 1931 559 2011 5,
577 1953 614 2002 v.
638 1931 680 2001 ’ἵε
693 1925 827 2025 furtivi
847 1924 981 2000 foedera
993 1923 1107 2022 lecti).
1130 1920 1268 1997 Utrum

119 2077 128 2092 '
213 2084 301 2167 vero
317 2062 479 2162 ingenua
498 2088 544 2136 an
557 2061 729 2136 libertina
749 2057 813 2159 (3),
829 2059 1044 2157 ambigitur,
1058 2084 1126 2134 nec
1139 2058 1267 2156 magni

212 2197 323 2273 refert
345 2198 433 2273 :sed
448 2197 552 2273 tenui
567 2207 664 2271 certe
679 2196 759 2270 loco
781 2205 921 2288 exorta,
943 2195 1002 2268 cui
1022 2194 1266 2269 matronalem

212 2332 372 2425 cultum,
389 2334 527 2408 fatente
542 2330 702 2424 Tibullo,
718 2354 793 2404 non
812 2329 963 2406 induere
981 2329 1111 2421 fassit,
1129 2329 1188 2404 cui
1201 2328 1260 2428 (el.

211 2464 245 2558 I,
264 2469 352 2558 63v.
372 2467 505 2565 disq.)

334 2706 764 2732 .........
806 2678 868 2722 non
883 2660 957 2723 vitta
970 2659 1079 2740 ligatos

412 2776 565 2858 Impediat
578 2776 685 2854 crines,
701 2795 756 2838 neo
767 2777 841 2839 stola
856 2778 942 2856 tongra
958 2774 1058 2858 pedes.

262 2975 359 3075 Ipsa,
375 2975 407 3051 si
424 3001 444 3050 e
467 2974 678 3050 Tibulliano
697 2975 859 3052 carmine
884 2974 1114 3074 perspicitur,
1140 2974 1263 3074 puella

211 3121 268 3186 cst
282 3111 372 3187 facie
386 3111 558 3211 speciosa,
584 3111 722 3204 teneris
745 3109 890 3185 lacertis
917 3135 958 3183 ac
985 3109 1082 3183 flavo
1107 3108 1240 3207 capillo
1252 3137 1261 3202 ;

211 3245 360 3345 ingenio
374 3272 450 3321 non
465 3246 518 3320 ita
534 3245 636 3339 scito,
655 3242 910 3344 superstitioni
931 3242 1055 3318 dedita
1070 3267 1137 3317 nec
1151 3242 1262 3316 infre·

212 3405 328 3480 quens
340 3377 452 3455 Isidis
470 3379 627 3470 cultrix;
647 3379 809 3478 benigna
827 3388 883 3453 sat
903 3375 1045 3468 indole,
1058 3375 1198 3452 amanti
1211 3375 1261 3450 fa·

245 3601 286 3675 (1)
302 3601 406 3658 Scimus
425 3602 597 3674 Cytheridem
609 3602 721 3657 mimam
740 3600 894 3657 adornolio
909 3599 990 3658 Gallo
1005 3599 1149 3670 Lycoridis
1163 3615 1262 3655 nomen

209 3692 358 3762 accepisse.

246 3783 285 3853 (2)
303 3803 316 3834 α
333 3782 477 3840 ...Eadem
500 3798 582 3853 opera
607 3780 723 3854 [magia]
750 3785 912 3840 accusent...
924 3780 1075 3847 Tibullum,
1091 3778 1161 3850 quod
1180 3777 1206 3832 ei
1226 3777 1262 3832 sit

209 3871 306 3928 Plania
318 3871 346 3926 in
362 3872 462 3940 animo,
478 3871 557 3926 Delia
569 3871 598 3925 in
612 3888 701 3931 versu.
716 3891 732 3922 a
745 3870 864 3942 Apolop.
875 3872 908 3928 X.
922 3902 957 3910 -
966 3869 1073 3926 Plania
1087 3869 1145 3922 sino
1164 3867 1260 3937 dubio;

208 3977 363 4032 quanquam
374 3966 402 4015 et
413 3961 442 4015 in
456 3961 510 4017 alio
525 3961 629 4032 codice,
642 3961 690 4016 sed
705 3960 845 4032 mendoso,
862 3961 976 4017 Plautio
989 3958 1103 4030 legitur.

245 4051 285 4124 (3)
300 4051 403 4107 Notum
417 4057 460 4108 est
473 4051 516 4107 his
534 4051 691 4124 reipublicae
707 4050 833 4106 aetatibus
852 4048 995 4106 libertinas
1018 4050 1047 4103 in
1062 4045 1265 4103 matrimonium

211 4160 228 4198 a
245 4141 351 4198 civibus
366 4142 430 4198 duci
441 4143 577 4215 potuissa3
594 4160 660 4212 mon¹
672 4159 721 4214 per
734 4141 825 4212 legem
843 4139 947 4196 duliam
962 4139 1007 4210 (dc
1021 4135 1181 4194 maritandis
1195 4134 1265 4190 ordi-

211 4231 301 4305 nibus)
312 4233 381 4288 talcs
395 4235 504 4304 nuptias
519 4242 547 4289 ct
562 4233 701 4304 equitibus
716 4233 871 4304 permissas,
