3116 5104
642 577 678 588 -
718 538 738 607 3
769 575 813 589 ..

192 684 296 784 pioiae
307 685 399 786 eleg.
413 683 528 780 IV,5‚
548 688 567 762 1
582 714 592 780 ;
608 689 639 780 7,
656 689 677 759 5
693 713 702 777 3
718 689 751 778 9,
765 682 926 783 2):quot
939 693 976 757 et
989 681 1116 781 quales
1129 681 1160 755 si
1172 707 1251 780 per·

192 820 368 919 spexeris,
381 845 532 896 necesse
553 832 609 896 est
629 819 676 897 fr.
701 817 943 916 Gujacianum
962 843 1111 916 prorsus
1123 843 1144 892 a
1156 825 1249 892 cete·

191 980 319 1030 rorum
335 953 504 1029 codicum
515 978 631 1054 grege
649 953 832 1052 sejungas.

243 1087 288 1187 (b.
314 1086 502 1186 Excerpta
525 1087 797 1188 Frisingensia,
820 1086 861 1158 in
889 1085 1013 1161 codice
1035 1083 1248 1161 Monacensi

193 1250 277 1298 saec.
306 1246 360 1312 111,
384 1233 672 1298 commemorata
695 1221 858 1320 primum
876 1221 922 1294 ab
943 1219 1035 1294 Iano
1060 1218 1246 1315 Gebhard,
1298 1273 1301 1278 n

192 1358 392 1457 Ludolpho
410 1357 543 1432 Dissen
558 1356 694 1432 deinde
718 1354 855 1430 tradita
881 1354 946 1454 qui
960 1379 1092 1453 parum
1106 1364 1190 1453 apte
1202 1354 1248 1430 iis

193 1517 284 1565 usus
302 1500 372 1583 est,
386 1490 478 1566 Luc.
490 1489 646 1566 Mueller
657 1488 785 1588 (1869)
796 1489 938 1588 primus
951 1488 1147 1589 diligenter
1161 1515 1247 1566 exa·

193 1624 362 1719 minavit,
374 1636 410 1700 et
435 1625 594 1700 maximi
610 1624 776 1700 facienda
796 1624 1078 1699 demonstravit.
1093 1665 1143 1680 -
1162 1621 1250 1699 Non

195 1761 331 1835 absunt
345 1785 445 1834 mera
458 1758 649 1858 scripturae
663 1759 808 1852 menda,
823 1757 900 1833 sive
922 1757 1038 1832 codici
1063 1758 1247 1858 originali,

196 1895 274 1969 sive
295 1894 513 1993 excerptori‚
544 1894 621 1969 sive
651 1892 849 1993 posteriori
864 1892 1011 1967 librario
1030 1893 1249 1968 tribuendus

195 2039 252 2104 est
261 2053 361 2104 error
374 2057 383 2121 3
399 2028 629 2127 paucissimae
643 2038 782 2104 verost
796 2028 925 2102 breves
943 2026 1249 2125 interpolationes

198 2162 417 2262 (praesertim
428 2162 465 2237 A
477 2167 492 2237 I
505 2188 573 2260 pro
587 2173 674 2252 tum,
686 2161 717 2256 I,
731 2167 764 2255 9,
775 2165 822 2236 45
836 2190 846 2255 3
860 2187 921 2238 aee
934 2187 1002 2259 pro
1015 2188 1111 2255 nam,
1123 2159 1200 2252 III,
1212 2165 1245 2256 3,

205 2297 488 2389 32,immutandi
497 2322 625 2371 sensus
636 2322 744 2371 causa
752 2298 943 2396 ?);eaeque‚
951 2306 994 2371 ut
1002 2296 1248 2390 videtur,con·

202 2431 303 2506 sulto
321 2431 368 2506 ab
381 2442 594 2530 excerptore
612 2431 727 2526 factae,
746 2431 815 2506 etsi
840 2441 1047 2529 excerptor,
1062 2456 1247 2529 gramma·

193 2565 277 2640 ticis
290 2564 506 2664 plerumque
521 2577 585 2640 aut
599 2566 751 2664 poeticis
767 2565 972 2640 rationibus
987 2564 1247 2658 ductusinter·

194 2699 379 2797 palatione
392 2700 574 2774 abstinere
583 2699 677 2774 solet
689 2722 699 2778 :
713 2700 819 2775 itaut
834 2699 993 2774 codicem
1007 2700 1250 2799 archetypum

193 2833 435 2931 purissimum
459 2833 571 2908 fuisse
596 2844 738 2909 certum
762 2833 823 2907 sit.
847 2831 1020 2908 Ceterum
1044 2833 1131 2908 huic
1154 2833 1249 2908 fonti

193 2967 354 3065 optimas
368 2967 543 3042 lectiones
566 2967 741 3042 debemus
765 2996 774 3042 ε
789 2967 952 3066 exempli
965 2967 1096 3065 gratia,
1111 2967 1151 3040 in
1168 2966 1248 3043 loco

194 3101 338 3175 dudum
366 3112 612 3195 controverso,
639 3101 669 3196 I,
690 3105 721 3196 1,
736 3104 795 3194 25,
813 3101 907 3175 illud
922 3101 1005 3200 jum
1032 3102 1146 3195 nudo,
1166 3102 1247 3200 jam

190 3234 337 3334 possim,
354 3235 453 3335 quod
469 3235 587 3309 firmis
607 3233 803 3309 Mauritius
825 3233 955 3333 Haupt
970 3233 1118 3309 fulcivit
1139 3260 1246 3335 argu-

193 3368 343 3443 mentis.
361 3368 492 3469 ltaque
502 3394 579 3444 non
590 3369 715 3443 minus
726 3369 864 3444 eximia
886 3396 1004 3469 quam
1019 3371 1065 3445 fr.
1082 3369 1247 3469 Cujacia·

193 3529 297 3597 num,
310 3530 378 3580 nec
391 3505 517 3578 minus
528 3503 674 3578 diversa
688 3528 709 3577 a
721 3504 937 3603 vulgaribus
954 3505 1147 3581 codicibus
1163 3532 1246 3581 exc.

194 3636 226 3711 F
228 3637 446 3736 risingensia
453 3637 631 3712 videntur
642 3666 652 3731 ;
664 3665 780 3738 eoque
794 3640 911 3738 magis
929 3639 975 3714 ad
988 3640 1112 3714 crisim
1132 3639 1250 3734 utilia,

195 3771 296 3871 quod
319 3772 555 3871 potissimum
576 3772 621 3846 ad
650 3745 763 3848 libros
778 3771 799 3848 I
814 3783 851 3848 et
864 3772 905 3848 Π
922 3774 1095 3866 attinent,
1113 3774 1246 3873 quibus

195 3904 324 4002 Oujac·
360 3907 512 3982 omnino
539 3916 648 3981 caret.
684 3905 775 3999 Quae
806 3933 864 3982 res
899 3908 1011 3982 etiam
1045 3933 1113 3982 nos
1146 3918 1248 3983 vetat

195 4039 388 4137 inquirere,
403 4066 581 4139 numqua
600 4039 832 4115 necessitudo
854 4040 1056 4115 intercedat
1081 4039 1244 4138 Cujacia·

195 4197 287 4247 num
300 4173 398 4250 inter
410 4184 447 4249 et
460 4173 724 4273 Frisingensia,
738 4201 785 4250 an
812 4175 906 4251 forte
927 4175 1014 4267 haec,
1031 4185 1068 4249 et
1090 4173 1193 4266 illud,
1208 4185 1245 4248 et
