3116 5104
770 505 965 580 -12-

340 652 431 728 cum
455 654 519 729 lib.
570 655 586 730 l
593 653 620 728 V
667 655 792 756 elegiis
840 659 884 733 de
923 659 1086 760 Sulpicia
1136 665 1393 763 judicandam.

389 780 499 857 Seous
525 780 571 855 de
601 782 740 856 ceteris.
758 781 916 857 Librum
950 784 1024 881 ΙΙΙ,
1044 813 1111 862 sex
1136 789 1261 890 elegiis
1291 819 1395 868 cons·

337 924 479 989 tantem
496 956 541 970 -
553 941 709 1014 quarum
728 916 891 1016 quinque
915 919 1043 1018 agitur
1059 921 1245 1022 Lygdami
1266 928 1395 1026 cujus·

337 1048 423 1122 dam
441 1049 626 1125 infaustus
645 1051 685 1124 in
703 1053 732 1128 N
737 1078 870 1127 eaeram
883 1079 999 1143 amor,
1017 1075 1124 1132 sexta
1140 1072 1265 1134 autem
1279 1061 1337 1158 (eL
1353 1061 1392 1159 5)

336 1195 498 1283 aegrotus
510 1196 618 1281 poeta
635 1185 803 1262 absentes
832 1188 969 1263 amicos
984 1189 1198 1290 alloquitur,
1216 1236 1263 1249 —
1277 1193 1318 1269 J.
1334 1194 1387 1270 H.

336 1317 434 1395 Voss
446 1319 588 1416 primus
600 1319 724 1418 (1786)
740 1319 892 1396 Tibullo
908 1321 1143 1420 abjudicavit,
1158 1326 1266 1403 hodie
1278 1354 1390 1404 nemo

334 1479 411 1529 non
438 1454 571 1553 rejicit.
604 1452 793 1553 Imprimis
833 1468 987 1555 apparet
1025 1459 1264 1561 Lygdamum
1301 1489 1389 1538 cum

335 1587 439 1661 Albii
464 1588 584 1663 nostri
599 1614 754 1687 persona
765 1587 859 1663 nihil
878 1616 1073 1668 commune
1084 1593 1216 1670 habere
1233 1595 1281 1694 (1)
1300 1624 1387 1672 :su-

332 1756 509 1830 perquam
518 1730 617 1829 quod
633 1729 815 1822 Tibullus,
833 1732 1002 1830 quotiens
1018 1760 1095 1810 sese
1109 1735 1149 1810 in
1163 1736 1289 1838 elegiis
1309 1739 1386 1816 sive

333 1864 378 1939 de
391 1861 499 1938 Delia
512 1862 562 1960 (I,
579 1863 629 1961 9),
650 1889 715 1938 seu
726 1864 771 1940 de
798 1865 869 1940 alia
889 1865 966 1964 (IV,
982 1869 1055 1965 13),
1071 1895 1138 1944 seu
1149 1869 1195 1944 de
1209 1869 1381 1949 Maratho

335 1996 381 2095 (I,
400 2001 434 2093 3)
449 1999 631 2092 nominat,
643 2024 775 2075 verum
797 2024 935 2074 nomen
956 2001 1050 2077 solet
1070 2028 1262 2104 usurpare,
1279 2031 1382 2082 nun·

330 2157 441 2232 quam
454 2134 599 2227 fictum,
614 2159 763 2208 omnem
791 2132 988 2211 dubitandi
1023 2136 1166 2234 copiam
1191 2139 1292 2216 tollit
1311 2140 1383 2216 hoc

329 2267 514 2342 distichon
538 2267 583 2343 el.
605 2265 724 2363 111‚¹5
745 2299 754 2343 ε

488 2464 629 2528 Natalem
642 2465 740 2546 primo
753 2471 891 2529 nostrum
904 2464 1007 2529 videre
1021 2473 1172 2548 parentes,

527 2579 605 2643 Oum
618 2581 728 2644 cecidit
740 2581 806 2644 fato
820 2582 925 2644 consul
939 2587 1064 2665 uterque
1078 2584 1155 2664 pari,

227 2753 230 2760 λ
325 2759 390 2835 ubi
412 2783 531 2834 annus
555 2763 624 2836 711
642 2760 786 2859 (occisis
813 2763 912 2861 apud
932 2759 1118 2837 Mutinam
1144 2764 1374 2863 consulibus)

266 2976 267 2979 Ἴ
324 2892 563 2991 significatur,
580 2894 732 2969 minime
748 2921 833 2968 cum
849 2895 927 2969 vita
942 2894 1083 2969 Tibulli
1100 2897 1315 2996 congruus(
1345 2898 1373 2994 ).

322 3025 430 3118 Quod
447 3028 575 3128 siquis
590 3029 670 3104 fieri
686 3055 794 3128 posse
812 3027 1024 3122 contendat,
1038 3040 1082 3105 ut
1098 3029 1270 3106 Tibullus
1286 3031 1372 3107 alie-

320 3187 388 3236 nos
411 3189 566 3257 amores,
585 3163 694 3239 amici
713 3163 920 3263 cujuspiam
939 3163 1070 3263 gratia,
1101 3163 1161 3239 hic
1177 3164 1375 3240 adumbra-

354 3366 392 3440 (1)
406 3368 577 3424 Notaverunt
600 3367 708 3438 quidem
724 3367 807 3438 aliqui
825 3368 955 3439 (Passow,
978 3367 1088 3440 Dissen)
1104 3384 1205 3423 nomen
1227 3367 1371 3439 «Lygda-

317 3475 418 3513 mum»
435 3457 607 3528 singulariter
619 3474 680 3512 cum
697 3478 710 3508 a
726 3456 834 3512 Albio»
857 3473 1016 3527 congruere.
1036 3473 1091 3511 non
1105 3456 1231 3528 prosodia
1249 3461 1374 3529 tantum,

315 3548 362 3602 sed
381 3547 464 3602 etiam
477 3547 554 3602 verbi
568 3530 767 3617 significatione
779 3545 886 3616 (λύγδος,
902 3545 942 3601 ci.
954 3546 1056 3618 albus).
1071 3545 1157 3615 Quod,
1172 3545 1216 3601 vel
1230 3545 1254 3601 si
1268 3545 1370 3603 credas

314 3636 387 3691 haud
401 3635 517 3692 fortuito
531 3635 672 3705 accidisse,
695 3635 763 3689 nihil
786 3634 861 3690 aliud
881 3635 1031 3706 significat,
1051 3635 1104 3690 nisi
1124 3636 1250 3706 ignotum
1263 3637 1370 3692 Neaerae

314 3731 461 3780 amatorem
477 3730 505 3781 et
518 3724 621 3780 Tibulli
633 3741 732 3780 nomen
744 3723 835 3796 aliquo
852 3723 933 3780 modo
943 3724 1046 3779 imitari
1057 3723 1197 3780 voluisse?

349 3815 385 3888 (2)
402 3815 443 3869 De
456 3812 558 3868 Tibulli
572 3817 649 3882 natu,
664 3813 721 3871 vid.
735 3812 820 3882 infra,
837 3830 899 3884 cap.
916 3814 941 3869 Ι.
962 3843 998 3853 -
1020 3811 1083 3867 Hac
1104 3811 1229 3884 impediti
1252 3811 1379 3869 difficul-

312 3908 379 3973 tate,
394 3902 556 3974 jamdudum
576 3901 665 3958 critici
682 3901 729 3973 qui
755 3901 805 3962 lib.
829 3902 877 3956 111
896 3918 1056 3972 germanum
1076 3901 1213 3972 putabant
1234 3908 1375 3974 pentame-

311 3998 382 4047 trum
399 3997 530 4062 tanquam
551 3992 671 4063 spurium
693 3990 835 4061 ejecerunt
857 3991 898 4064 (J.
914 3990 1045 4062 Scaliger,
1063 3989 1258 4060 Branchusius,
1274 3991 1367 4062 Volpi‚

312 4081 434 4154 Heyne),
446 4082 491 4137 vel
505 4086 595 4138 totum
609 4079 747 4136 distichon
761 4079 875 4154 (Spohn)
895 4099 902 4136 ε
926 4079 955 4135 id
974 4098 1038 4136 vero
1062 4085 1157 4135 contra
1171 4085 1284 4136 cunctae
1299 4081 1366 4136 artis

310 4171 542 4243 criticaeregulas.
