3116 5104
671 739 745 814 DE

306 1015 640 1136 TlBULLl
698 1015 1129 1141 AMORIBUS

1130 1407 1232 1420 U*

499 1841 923 1946 PROOEMIUM

240 2255 302 2332 Me
331 2257 567 2334 Tibullianos
606 2259 728 2360 elegos
770 2260 998 2335 lectitantem
1026 2258 1118 2332 dum
1147 2255 1240 2329 mira

188 2416 338 2488 poeseos
363 2392 537 2480 dulcedo,
571 2394 690 2468 mirus
726 2395 928 2469 affectuum
957 2392 1056 2467 calor
1079 2390 1242 2465 maxime

188 2524 410 2621 oblectabat,
441 2555 549 2603 mens
580 2554 726 2628 quoque
762 2528 862 2603 haud
903 2553 985 2602 raro
1016 2525 1177 2600 haerebat
1202 2523 1242 2596 in

189 2660 420 2760 ambagibus,
443 2663 578 2738 multis
599 2663 722 2738 dubiis
749 2662 936 2737 areanisve
954 2661 999 2737 de
1017 2671 1134 2760 poetae
1154 2658 1242 2751 vita,

188 2792 234 2867 de
271 2795 478 2870 carminum
520 2796 746 2890 condicione,
790 2795 929 2889 ordine,
971 2818 1158 2883 connexu,
1199 2790 1245 2864 de

188 2951 355 3002 amorum
372 2928 620 3027 explicatione
634 2930 938 3005 occurrentibus:
954 2941 1063 3027 atque
1077 2949 1243 3023 comper-

185 3069 273 3134 tum
301 3061 432 3156 habui,
464 3089 599 3162 paucos
626 3064 866 3162 antiquorum
882 3073 1076 3162 poetarum
1103 3071 1140 3134 et
1166 3070 1243 3132 tam

187 3192 322 3292 dignos
350 3221 427 3270 esse
459 3208 497 3272 et
522 3209 672 3273 tantum
707 3225 815 3298 egere
849 3199 1098 3295 interpretum
1134 3193 1242 3267 euris.

112 3375 119 3389 ·
185 3323 370 3422 Ceterum,
385 3333 565 3429 quaerenti
577 3333 892 3437 interpretationis
909 3330 1056 3407 auxilia
1070 3329 1123 3402 ita
1142 3352 1243 3401 nune

187 3459 381 3538 doctorum
398 3467 653 3542 commentarii
676 3467 882 3560 abundant,
902 3476 946 3540 ut
963 3488 1069 3572 paene
1086 3460 1241 3559 impedi-

185 3607 311 3669 mento
328 3595 415 3671 sint.
432 3599 493 3672 Ab
507 3598 588 3674 dos.
606 3599 790 3700 Scaligero
806 3598 936 3700 (1577)
945 3655 956 3693 ,
974 3597 1039 3697 qui
1053 3597 1111 3671 vir
1125 3595 1243 3668 clarus

187 3726 327 3802 Tibulli
354 3740 437 3804 tum
460 3733 585 3807 textui
611 3733 857 3826 emendando,
885 3743 967 3806 tum
996 3727 1243 3829 explanandis

187 3863 413 3938 carminibus
436 3864 485 3964 (1)
511 3868 652 3965 primus
679 3868 782 3943 dedit
807 3892 968 3967 operam,
995 3864 1043 3939 ad
1069 3862 1242 3939 Carolum
1381 3916 1382 3920 η

189 4114 483 4262 ΙΔ(1)’(Ῑαείὶραῑῑόηεε
499 4127 531 4180 ia
551 4126 697 4182 Tibullum.
714 4125 781 4182 Post
794 4124 946 4180 editionem
967 4124 1041 4193 Oet,
1054 4121 1127 4191 Tib,
1143 4121 1224 4190 Prop.

213 4211 315 4282 utetiae,
337 4213 417 4266 1577.

1134 4312 1143 4360 l
