3116 5104
746 513 941 586 ...24...

318 660 424 735 nobis
438 663 589 762 propius
602 663 649 737 ad
666 685 800 736 verum
823 661 990 740 accedere
1003 662 1139 735 liceret.
1159 658 1265 752 Quod
1288 683 1374 732 oum

317 777 370 850 ita
382 776 535 875 incipiat
549 777 603 878 (l)
625 806 633 851 :

441 1017 484 1079 Te
498 1037 615 1102 quoque
627 1019 764 1100 Vergilio
777 1019 918 1083 comitem
932 1037 994 1081 non
1007 1036 1105 1100 aequa,
1121 1015 1251 1087 Tibulle,

482 1135 566 1198 Mors
576 1135 720 1216 juvenem
730 1154 849 1217 campos
863 1134 948 1197 misit
959 1133 998 1196 ad
1009 1133 1140 1215 Elysios,
1150 1177 1173 1200 .-

322 1354 487 1454 sequitur
514 1357 707 1434 Tibullum
734 1361 805 1435 sub
828 1361 903 1435 fine
931 1386 988 1434 an.
1010 1362 1078 1434 735
1104 1355 1315 1450 decessisse,
1336 1365 1375 1432 et

322 1513 341 1562 r(
353 1488 531 1586 juvenem
545 1513 564 1564 u
579 1493 741 1591 quidem,
759 1493 798 1566 id
819 1504 875 1568 est
898 1519 975 1568 uon
989 1492 1072 1592 plus
1085 1513 1198 1590 quam
1219 1487 1373 1589 quadra-

200 1655 203 1665 ·
315 1621 498 1720 gesimum
510 1647 650 1698 annum
664 1635 847 1724 agentem.
866 1624 987 1718 Quare
1001 1633 1146 1724 oportet
1160 1647 1256 1697 eum
1274 1619 1375 1694 haud

319 1778 403 1831 anae
426 1781 487 1830 an.
507 1760 576 1832 695
603 1769 735 1833 natum
760 1784 857 1853 esse3
880 1759 947 1834 vix
976 1768 1106 1832 autem
1136 1756 1191 1854 (ut
1212 1755 1373 1853 Gruppe‚

322 1888 473 1984 Teuffel,
502 1889 650 1966 Hankel
676 1891 922 1991 putaverunt)
951 1917 1010 1966 an.
1046 1894 1129 1982 700,
1164 1889 1286 1989 potius
1314 1913 1372 1961 an.

323 2025 415 2100 circa
439 2028 524 2115 697,
540 2029 624 2113 698,
645 2025 676 2099 si
696 2025 845 2125 quidem
866 2024 1070 2100 adverteris
1090 2050 1148 2098 an.
1164 2025 1233 2098 724
1255 2022 1375 2119 insen

322 2171 379 2234 tas
405 2186 483 2235 esse
511 2160 592 2235 illas
611 2159 709 2236 lib.I
735 2161 882 2262 elegias,
908 2172 985 2236 tam
1009 2160 1124 2261 polita
1151 2169 1240 2250 arte,
1270 2165 1375 2232 tanta

323 2293 568 2369 humanorum
587 2295 786 2369 affectuum
803 2294 938 2370 notitia
952 2294 1128 2394 insignes.

371 2425 428 2502 De
452 2438 568 2524 poetae
595 2427 736 2526 reliquo
760 2428 911 2502 vivendi
942 2426 1135 2520 curriculo,
1152 2425 1273 2499 sontes
1302 2421 1376 2497 rari

322 2559 522 2636 admodum
539 2586 579 2636 ac
596 2572 735 2636 tenues.
752 2560 940 2661 Imprimis
959 2570 1096 2661 praesto
1106 2558 1284 2633 habemus
1296 2555 1377 2630 bre·

321 2693 460 2768 viorem
485 2720 533 2769 ex
552 2695 697 2769 duabus
718 2695 808 2770 Vitis
826 2717 907 2794 quae
927 2695 968 2768 in
987 2692 1173 2768 codicibus
1198 2691 1376 2791 leguntur

324 2828 495 2928 (namque
533 2829 661 2921 altera,
691 2829 805 2903 serius
837 2855 858 2903 a
886 2828 1009 2903 nescio
1038 2852 1114 2927 quo
1142 2825 1375 2925 Hieronymo

323 2961 578 3037 Alexandrino
611 2963 771 3037 conflata
794 2962 954 3061 satisque
976 2960 1100 3060 inepte
1123 2970 1237 3034 tume
1254 2958 1374 3058 priore

322 3094 422 3191 Vita,
450 3107 533 3170 tum
557 3123 576 3172 e
602 3095 824 3170 Tibullianis
850 3094 1071 3169 carminibus
1102 3093 1263 3202 collecta,
1287 3085 1374 3165 nul·

321 3229 394 3304 lius
418 3231 598 3306 momenti
613 3231 704 3329 est).
721 3229 843 3322 Quam
871 3229 1091 3329 scripturam
1113 3223 1318 3322 Baehrens(
1342 3221 1370 3322 )‚

224 3407 225 3410 ¹
322 3375 520 3464 postquam
543 3365 642 3441 felici
675 3374 752 3439 arte
777 3363 954 3456 restituit,
980 3362 1141 3436 maximi
1170 3359 1375 3436 faciendam

322 3525 400 3574 esse
412 3499 645 3584 monstravit,
668 3480 828 3597 sciteque
852 3496 1007 3594 conjecit
1030 3496 1077 3570 ob
1106 3494 1326 3569 narrationis
1338 3503 1375 3568 et

322 3633 399 3708 stili
419 3632 639 3707 affinitatem
667 3658 687 3707 e
716 3631 881 3706 Suetonii
902 3653 1001 3704 nune
1033 3628 1173 3703 amisso
1196 3627 1237 3702 de
1256 3626 1375 3702 Poetis

321 3768 414 3843 libro
439 3767 648 3842 deductam.
669 3765 865 3840 Accedunt
890 3805 940 3820 —
969 3763 1217 3863 praetermissa
1249 3759 1375 3838 Ovidii

357 3988 401 4061 (1)
416 3986 532 4043 Videtur
554 3986 607 4042 hoc
628 3985 864 4058 epigrammatium
883 3985 1075 4058 depromptum
1098 4000 1158 4040 esse
1182 3999 1218 4038 ex
1242 3981 1375 4054 ampliore

325 4079 359 4134 de
373 4078 504 4150 bonorum
516 4081 656 4147 poetarum
669 4075 815 4130 funeribus
829 4074 927 4145 elegia.

359 4168 405 4242 (ἓ)
420 4167 582 4223 Tibullisclre
598 4165 718 4236 Blaetler,
734 4169 757 4221 Ι.
