3134 5104
629 529 825 600 -93-
923 611 924 614 1

203 677 300 780 (vide
308 677 519 781 trisyllabus
528 680 748 780 pentametri
758 677 940 754 clausulas
947 676 1007 752 vel
1015 673 1249 754 hexametros

200 823 286 911 post
303 814 472 913 quintam
492 814 603 889 arsim
632 839 733 890 casos
757 812 796 913 ¹),
815 812 918 888 velut
937 808 1073 914 aliquid
1103 806 1249 882 umbra-

201 972 285 1023 rum
301 948 511 1025 insinuatur
524 948 621 1024 inter
640 947 778 1046 reliqua
797 946 951 1022 lumina.
971 943 1128 1044 Insuper
1144 940 1251 1040 plura

201 1082 380 1176 notanda,
397 1081 547 1157 Tibullo
560 1082 600 1156 in
619 1080 819 1157 condendis
839 1078 1129 1182 aggregandisve
1142 1076 1251 1154 versi·

203 1215 273 1290 bus
288 1216 448 1316 propria,
464 1242 546 1318 quae
567 1215 716 1316 quidem
733 1215 896 1290 maxime
909 1215 997 1290 artis
1019 1213 1169 1312 poeticae
1189 1236 1250 1286 an·

203 1351 358 1426 tistitem
372 1351 607 1427 denuntiant.
620 1351 757 1445 Primo,
769 1378 854 1426 cum
868 1361 904 1426 et
920 1349 1047 1426 ceteris
1062 1349 1253 1449 elegorum

203 1483 402 1561 latinorum
426 1486 665 1585 scriptoribus
691 1485 840 1562 solitum
860 1486 908 1560 111
933 1487 974 1560 in
999 1485 1121 1560 medio
1143 1508 1253 1558 versu

205 1628 393 1727 epitheton
432 1608 630 1720 collocare,¹
660 1628 809 1704 nomine
841 1628 1011 1702 eumdem
1040 1625 1254 1702 concludere

204 1790 362 1858 versum,
386 1765 484 1863 quod
510 1765 707 1865 aliquando
730 1763 841 1839 efficit
861 1773 1037 1840 extremae
1063 1761 1254 1860 utriusque

205 1896 426 1972 hemistichii
452 1897 601 1997 syllabae
625 1897 912 1990 consonantiam,
936 1896 1106 1970 Tibullus
1129 1895 1255 1969 luben·

205 2031 280 2106 tius
292 2032 415 2123 etiam,
430 2033 470 2105 ni
485 2032 604 2124 fallor,
621 2043 657 2107 et
676 2031 901 2131 frequentius
915 2030 984 2105 hoc
997 2030 1116 2105 utitur
1133 2029 1255 2120 :unde

207 2167 248 2240 fit
273 2179 316 2242 ut
333 2169 385 2243 rei
404 2167 561 2242 colorem
588 2178 653 2241 aut
674 2167 833 2265 figuram
857 2190 961 2241 mens
988 2165 1133 2242 lectoris
1160 2189 1255 2266 saepe

206 2302 303 2400 apud
316 2327 401 2376 eum
415 2302 630 2401 antecapiat,
651 2302 865 2400 priusquam
880 2303 999 2400 ipsam
1018 2327 1094 2376 rem
1113 2299 1252 2378 intuea-

206 2446 286 2524 tur,
312 2448 427 2537 utque
454 2437 643 2540 (tanquam
664 2437 925 2514 animadvertit
954 2437 1168 2539 ingeniosus
1197 2437 1255 2513 vir

206 2571 371 2671 Gruppe)
399 2573 653 2674 gratissimum
683 2573 841 2672 aenigma
877 2572 944 2648 tibi
969 2583 1195 2674 proponatur
1215 2573 1254 2645 in

207 2708 326 2805 priore
339 2706 579 2802 hemistichi0‚
594 2707 694 2806 quod
709 2707 778 2781 sub
791 2707 864 2780 fine
879 2717 1026 2781 tantum
1043 2705 1254 2806 posterioris

206 2841 432 2940 explicatum
444 2840 590 2918 habeas.
608 2838 728 2914 Multa
740 2850 873 2938 praesto
893 2850 980 2914 sunt
1005 2839 1045 2912 in
1065 2838 1142 2912 sola
1155 2837 1201 2912 el.
1218 2838 1251 2929 Ι,

208 2980 227 3049 1
247 2977 444 3076 specimina
464 3007 474 3052 :

364 3237 495 3300 Divitiae
509 3236 677 3316 aliusfaloo
690 3235 756 3298 subi
770 3239 912 3313 congerat
924 3253 1007 3308 auro,

426 3353 466 3416 llt
481 3359 581 3416 teneat
595 3353 666 3414 111111
677 3351 782 3431 jugera
802 3349 896 3411 multa
907 3351 971 3410 1111.

940 3484 972 3544 (v.
994 3482 1067 3545 1511

609 3619 847 3630 -η--η-

241 3834 276 3908 tl]
298 3835 366 3891 Cum
384 3833 532 3904 elegiarum
547 3831 766 3888 Tibullianarum
782 3847 888 3886 summa
910 3831 974 3899 (non
987 3826 1080 3881 habita
1095 3827 1251 3882 lacunarum

205 3923 502 3994 additamentorumque
540 3921 657 3994 ratione)
688 3921 739 3976 692
759 3905 884 3974 distichis
905 3923 1023 3987 constet,
1043 3919 1076 3972 23
1089 3917 1252 3988 pentametri

205 4014 373 4085 reperiuntur
386 4013 431 4083 qui
453 4013 481 4065 in
496 4011 668 4083 trisyllabum
690 4010 853 4067 vocabulum
870 4007 1010 4077 desinunt,
1030 4012 1058 4063 11
1071 4008 1089 4062 4
1101 4007 1251 4062 hexametri

205 4110 267 4174 post
287 4103 408 4174 quintam
428 4102 508 4158 arsim
527 4103 600 4160 caesi.
617 4132 652 4146 -·
671 4102 744 4157 Note
761 4099 847 4155 obiter
865 4099 1055 4153 hexametrum
1077 4095 1253 4167 spondiacum

205 4194 313 4265 penitus
327 4193 399 4264 apud
409 4191 547 4248 Tibullum
560 4190 686 4250 deficere.
