3116 5104
758 543 930 613 „2-

309 702 407 767 runt.
441 690 531 784 Quae
565 693 638 767 viri
663 701 826 792 spectata
856 688 1076 766 auctoritate
1113 683 1358 768 disserebant,

303 827 383 924 jam
397 835 590 902 retractare
605 852 682 901 non
694 851 818 901 meum
831 835 888 899 est
907 853 916 915 ;
932 824 994 899 sed
1009 822 1184 922 quoniam
1193 819 1246 893 rei
1259 841 1357 890 sum·

307 985 408 1034 mam
438 960 574 1035 intueri
596 986 672 1035 non
710 959 941 1036 mediocriter
976 957 1139 1048 interest,
1166 951 1359 1048 utriusque

305 1092 409 1166 nisus
441 1092 594 1186 auxilio,
627 1093 674 1167 de
711 1092 898 1167 codicibus
927 1105 1010 1165 tum
1036 1084 1357 1175 Lachmannianis,

306 1236 388 1301 tum
412 1225 695 1321 Baehrensianis,
727 1237 835 1301 antea
855 1225 900 1300 de
913 1237 915 1248 '
929 1222 1151 1323 quibusdam
1173 1217 1360 1295 vetustio-

307 1358 407 1433 ribus
423 1359 602 1454 fontibus‚
635 1360 805 1460 pretiosis
832 1358 1052 1435 emendandi
1073 1355 1257 1446 subsidiis,
1276 1353 1358 1427 bre·

308 1495 403 1568 viter
416 1494 621 1591 expediam.

558 1782 574 1846 fi
592 1797 610 1834 l.
633 1796 666 1834 nn
685 1795 794 1834 curritis
813 1793 955 1840 nunninus
974 1792 1111 1835 sunnone.

358 1999 445 2075 Tria
458 2003 496 2075 in
510 2028 706 2089 summam,
718 2004 803 2100 jure
826 2000 970 2075 omissis
992 1999 1034 2073 F.
1052 1998 1178 2073 Puccii
1203 2007 1357 2072 annota-

308 2133 471 2208 tionibus
490 2134 552 2231 (1),
568 2144 834 2232 nuncupantur
852 2163 861 2208 :

360 2268 410 2366 (o.
426 2267 695 2367 Fragmentum
715 2267 957 2365 Cujacianum
974 2276 1230 2366 pervetustum
1255 2262 1356 2362 (inde

310 2428 331 2476 a
348 2400 414 2476 lib.
431 2399 508 2494 ΙΙΙ,
526 2407 563 2490 4,
580 2428 615 2476 v.
633 2403 710 2499 65),
728 2402 773 2477 ab
787 2401 869 2477 dos.
890 2400 1074 2500 Scaligero
1091 2401 1131 2472 in
1151 2399 1362 2475 recensione

311 2533 452 2609 Tibulli
480 2546 703 2635 usurpatum
725 2565 733 2610 ε
762 2536 961 2635 quodcum
982 2535 1158 2609 amissum
1178 2533 1287 2609 hodie
1301 2533 1362 2607 do

309 2670 438 2763 lomus,
452 2680 510 2744 sat
523 2670 620 2744 benc
642 2670 815 2744 novimus
839 2696 903 2768 per
919 2679 1092 2767 excerpta
1115 2667 1361 2742 Plantinianae

308 2803 462 2880 editioni
475 2801 612 2903 [1569]
628 2831 648 2878 a
665 2803 849 2904 Scaligero
860 2805 1017 2902 ascripta
1029 2803 1094 2903 (2)
1107 2843 1150 2859 -
1160 2803 1191 2877 F
1193 2827 1360 2902 regmen·

308 2948 390 3011 tum
410 2938 480 3012 hoc
502 2937 616 3036 (quid,
630 2938 661 3011 si
680 2938 825 3036 integra
839 2938 966 3012 charta
977 2937 1181 3012 frueremur
1197 2935 1220 3035 l)
1232 2945 1361 3010 textus

308 3070 464 3145 formam
482 3069 594 3169 longe
618 3071 797 3168 optimam
819 3071 969 3168 praebet.
999 3069 1136 3145 Insunt
1160 3069 1259 3144 enim
1281 3094 1359 3168 per·

310 3229 426 3302 pauca
440 3204 574 3280 menda
602 3205 803 3303 scripturae,
820 3206 1028 3303 conjectura
1053 3204 1120 3278 vix
1142 3229 1232 3296 una,
1248 3227 1360 3302 eaque

311 3335 518 3431 levissima3
539 3337 716 3412 lectiones
740 3348 864 3412 autem
886 3337 1041 3438 egregiae
1074 3336 1258 3435 (videlicet
1285 3334 1359 3427 ΠΙ,
1378 3347 1397 3400 ’1

290 3475 433 3590 Ι4,79;
455 3477 492 3559 4,
513 3475 580 3564 89;
602 3470 813 3566 1V‚1,55;
839 3475 874 3558 3,
905 3476 952 3564 33
983 3471 1186 3570 praesertim
1213 3472 1253 3544 in
1280 3469 1359 3546 Sul·

345 3748 380 3818 (1)
394 3747 454 3802 111ae
482 3747 684 3817 annotationes,
703 3748 800 3819 quibus
819 3746 924 3819 aliquid
948 3747 1120 3803 auctoritatis
1149 3747 1246 3803 tribuit
1270 3747 1360 3802 Lach-

308 3853 403 3908 mann,
416 3835 492 3905 quasi
513 3835 545 3889 de
566 3835 718 3907 antiquiore
737 3837 807 3892 libro
829 3837 974 3908 excerptis,
990 3853 1056 3908 quae
1084 3836 1216 3892 Baehrens
1234 3836 1294 3892 vult
1317 3855 1362 3893 co-

308 3931 406 4000 gnatae
431 3924 648 3996 Guelferbytnno
671 3943 720 3982 suo
741 3926 837 3995 tuisse,
853 3943 949 3981 revera
970 3925 1040 3981 nihil
1062 3925 1140 3981 nobis
1161 3927 1285 3998 praebent
1307 3926 1361 3981 nisi

309 4014 531 4086 interpolationes
546 4015 637 4070 nescio
652 4015 840 4085 cujusnovicii
854 4015 984 4070 italorum
998 4016 1110 4077 codicis.

345 4105 386 4177 (2)
401 4102 559 4159 Lachmann
573 4119 629 4159 non
639 4105 734 4160 habuit
747 4105 832 4176 ipsius
845 4105 976 4176 Sealigeri
990 4112 1129 4178 excerpta,
1138 4106 1186 4161 sed
1198 4122 1258 4176 quae
1274 4103 1360 4160 Hein-

312 4192 368 4247 sius
382 4192 410 4248 in
426 4193 554 4248 Aldinam
570 4194 667 4267 [1515]
684 4195 912 4266 transscripserat.
