3134 5104
608 547 647 560 -
682 506 727 579 85
755 541 803 555 ..

178 671 282 758 optat
301 658 440 750 Veneri
464 657 668 756 puellisque
679 653 878 728 valedicere
896 681 903 726 :
919 648 980 724 scd
994 672 1129 750 magna
1140 644 1231 720 dum

175 793 354 894 loquitur,
387 792 618 891 phantasiam
649 788 749 870 subit
790 785 948 864 domina
985 779 1229 881 superbientis

175 929 320 1030 imago„
332 951 351 1001 a
365 900 475 1024 fortia
486 923 741 1020 verbaclausae
758 924 852 998 fores
866 918 1112 1008 excarnata..
1129 913 1228 996 Hinc

177 1063 340 1164 aperitur
363 1062 509 1136 animus
540 1083 665 1154 secum
682 1082 866 1158 pugnans,
884 1053 1013 1138 invisae
1038 1049 1228 1132 servitutis

179 1209 306 1296 tenax,
329 1222 432 1296 spem
448 1195 545 1272 inter
561 1204 597 1270 et
611 1162 802 1294 ‚angorem
819 1191 1019 1265 distractus
1035 1184 1228 1285 :quocirca

175 1331 313 1432 passim
330 1329 517 1406 admireris
531 1330 668 1428 elegos,
685 1325 824 1436 quibus
840 1323 934 1398 nihil
949 1345 1115 1422 unquam
1127 1318 1227 1400 ullus

175 1466 396 1567 eroticorum
413 1465 638 1564 scriptorum
652 1460 712 1556 uel
737 1459 973 1559 simplicitate
994 1454 1230 1556 praestantius

153 1629 155 1634 ·
176 1604 236 1679 vel
254 1601 488 1703 spectabilius
508 1611 585 1676 arte
610 1597 840 1676 condiderit:
857 1595 946 1681 sive,
968 1591 1081 1670 verbi,
1094 1590 1228 1690 gratia,

176 1748 285 1836 poeta
299 1737 483 1846 exclamat
502 1736 553 1832 (u.
577 1738 621 1808 13
640 1733 710 1832 sq.)
726 1763 733 1807 :

278 1980 299 2042 J
301 1980 386 2042 aravi
400 1978 538 2061 quotiens
549 1977 713 2039 rediturum
726 1975 764 2038 ad
777 1975 883 2037 limina
899 1991 1053 2054 nunquam
1067 1971 1074 2035 !

339 2097 413 2158 Cum
425 2095 502 2158 bene
516 2093 627 2172 juravi,
641 2111 692 2174 pes
705 2097 807 2156 tamen
819 2091 882 2172 ipse
896 2088 986 2160 redit,

180 2350 256 2424 sive
273 2345 483 2448 ingemiscit
497 2347 545 2444 (v.
563 2348 608 2419 19
619 2347 702 2444 sq.)
722 2371 732 2418 ε

283 2580 304 2643 J
307 2599 355 2664 am
366 2581 447 2664 mala
460 2578 592 2659 finissem
608 2578 681 2650 leto,
696 2576 746 2639 sed
760 2575 882 2650 credula
894 2576 1016 2646 vitam

339 2697 411 2778 Spes
422 2696 508 2778 fovet,
518 2701 548 2758 et
561 2695 626 2768 fore
641 2713 707 2757 cras
722 2711 839 2772 semper
855 2693 898 2753 ait
913 2693 1030 2762 melias.

180 2947 366 3041 Amaestis
376 2946 495 3045 igitur
507 2947 581 3020 illis
592 2947 782 3025 sententiis
798 2946 844 3032 ad
858 2945 949 3020 lenae
966 2942 1135 3051 Phrynes
1148 2942 1245 3024 faci„¹

177 3105 280 3172 nora,
305 3080 350 3184 ad
366 3081 484 3180 ipsius
511 3081 636 3158 amicae
655 3081 760 3156 dolos
775 3079 897 3180 pergit
908 3108 928 3161 :A
943 3076 1047 3162 nobis
1064 3075 1228 3166 demum,

178 3215 248 3314 sub
261 3215 431 3289 carminis
443 3216 517 3289 fine
534 3214 594 3314 (u,
608 3213 746 3313 45·54),
760 3215 882 3314 posita
898 3222 982 3288 ante
1004 3211 1129 3294 oculos
1151 3237 1229 3314 perr

177 3360 284 3448 grata
301 3349 555 3424 molestiarum
570 3349 831 3424 amatoriarum
849 3346 1102 3446 descriptione.

227 3483 286 3557 El.
306 3487 342 3573 5,
365 3507 475 3580 quam
494 3485 597 3559 seriei
611 3496 780 3560 tenemus
800 3494 1040 3582 postremam,
1060 3482 1101 3556 in
1119 3481 1232 3564 hono:

175 3643 254 3691 rem
277 3615 476 3724 Messalini,
505 3618 670 3693 Messalae
688 3618 770 3708 filii,
789 3617 939 3693 condita
955 3627 1031 3708 est,
1047 3642 1166 3716 nuper
1193 3617 1232 3689 in

178 3750 565 3868 Quindecimvirorum
591 3754 788 3854 collegium
811 3752 983 3852 cooptati.
1012 3751 1128 3850 Cujus
1150 3777 1252 3832 cum,

173 3887 252 3983 jam
281 3912 418 3978 munus
436 3889 539 3964 fieret
570 3888 762 3988 sybillinos
790 3888 905 3972 libros.
928 3895 1094 3979 tractare,
1112 3897 1248 3987 poeta,

180 4021 247 4094 rite
269 4019 314 4093 ab
344 4021 518 4118 Apolline
546 4034 630 4098 vate
653 4049 824 4115 exorsus,
841 4022 880 4094 in
907 4020 1057 4120 Sybillis
1091 4021 1231 4100 diutius

182 4165 438 4250 commoratur,
457 4183 557 4250 nunc
575 4157 765 4255 splendida
784 4156 956 4232 vaticinia
970 4156 1127 4234 referens
1149 4184 1229 4256 quae
