3134 5104
617 553 739 620 „59
766 593 812 604 ...

188 695 243 779 sic
254 693 514 794 fere'illustrat,
522 709 565 774 ut
575 725 783 799 nunquam,
791 696 1244 796 dramaticoritmviolem

187 829 333 910 tissima
364 841 520 931 quaeque
554 837 732 910 amorum
763 837 952 909 momenta
978 833 1108 908 nobis*
1127 843 1243 932 ponat

191 975 277 1048 aute
292 966 428 1056 oculos,
443 968 506 1044 sed
521 969 778 1068 tranquilliora
801 973 951 1044 tantum
962 966 1183 1060 'intervalla3
1198 978 1242 1047 ut
1299 1047 1305 1062 ,

171 1203 173 1206 v
191 1100 327 1205 tnagis.
344 1101 492 1183 habitus
529 1104 655 1178 'animi’
669 1103 865 1178 diuturnos
897 1102 1243 1202 quam'repentinos

192 1247 318 1309 motus
346 1235 549 1313 adumbret.
573 1236 612 1312 si
642 1238 741 1313 enim
770 1263 826 1312 res
850 1247 1021 1337 ageretur
1042 1237 1082 1312 in
1115 1235 1247 1314 scaenis.

192 1393 295 1444 nunc
304 1395 430 1445 amans
444 1371 679 1446 induceretur
692 1372 811 1471 primo
824 1372 948 1446 amicae
962 1370 1097 1446 obtutu
1114 1382 1243 1470 captus

191 1504 255 1579 vel
269 1505 387 1603 primo
402 1506 584 1606 colloquio
605 1507 742 1597 fruens,
765 1531 867 1600 nunc
889 1533 973 1581 eum
998 1517 1243 1604 spectaremus

194 1639 319 1714 subita
337 1640 500 1715 mulieris
514 1641 666 1739 perfidia
686 1641 899 1740 perculsum
921 1641 1124 1741 mediisque
1150 1642 1244 1716 zelo-

193 1769 308 1869 typiae
336 1770 519 1846 furoribus
550 1772 781 1866 implicitum,
810 1798 910 1847 nune
941 1773 1013 1870 ipsi
1054 1781 1245 1847 amantum
1328 1871 1329 1876 Ἰ

195 1903 349 1980 discidio
371 1904 431 1980 vel
456 1906 527 2004 ipsi
555 1908 683 2006 gratiae
699 1907 987 1982 reconciliationi
1007 1907 1243 1983 adessemus:

197 2039 368 2113 Tibullus
385 2051 512 2114 contra
523 2069 608 2115 cum
621 2042 804 2141 praecipua
814 2041 877 2114 illa
886 2039 1019 2148 amoris
1035 2039 1247 2113 discrimina

195 2199 273 2248 non
286 2174 359 2247 nisi
380 2175 528 2274 oblique
548 2176 718 2274 attingat,
744 2177 783 2250 in
802 2175 1028 2274 temporibus
1051 2173 1162 2273 paulo
1187 2173 1248 2249 vel

197 2308 425 2383 citerioribus
460 2310 520 2384 vel
558 2309 794 2384 ulterioribus
820 2310 1070 2384 immoratur:
1103 2308 1155 2382 ita
1177 2307 1248 2383 fert

196 2442 290 2518 lenis
315 2455 489 2543 tenerque
520 2445 674 2540 animus,
700 2446 791 2521 mire
823 2445 988 2544 cupidini
1018 2444 1182 2538 idoneus,
1215 2443 1249 2516 ei

195 2603 284 2652 vero
323 2578 488 2676 cupidini
527 2605 608 2679 quae
640 2580 750 2656 altior
786 2581 960 2678 perduret
998 2604 1111 2677 quam
1138 2576 1244 2652 vehe-

197 2712 356 2787 mentior
368 2725 549 2812 erumpat.

248 2845 364 2921 Porro
406 2849 596 2947 anquirere
624 2857 746 2947 potest
774 2847 905 2946 aliquis
941 2847 1030 2945 quid
1069 2843 1116 2920 sit
1154 2844 1246 2937 fieti,

197 2979 287 3078 quid
321 2981 399 3055 veri
426 2983 466 3055 in
490 2981 548 3056 his
569 2981 685 3058 Deliae
720 2982 918 3057 amoribus.
957 2980 1136 3078 Pleraque
1167 3004 1247 3076 pro·

200 3113 260 3187 cul
287 3114 400 3190 dubio
427 3117 503 3192 sive
540 3128 646 3215 poeta
674 3127 799 3190 narrat
824 3143 906 3215 quae
939 3113 1141 3206 evenerint,
1174 3113 1250 3187 sive

200 3275 281 3347 quae
323 3250 477 3326 senserit
511 3251 685 3349 explicat,
727 3252 890 3350 genuino
928 3250 1094 3325 veritatis
1132 3247 1251 3322 colore

198 3383 320 3459 nitent
347 3385 417 3460 etsi
458 3386 638 3460 nonnulla
675 3386 824 3484 quidem
862 3395 960 3478 sunt,
990 3383 1094 3459 velut
1121 3408 1250 3458 versus

199 3518 243 3594 de
265 3521 380 3616 janua
415 3519 532 3620 (11.1,
569 3521 617 3619 2),
661 3519 706 3596 de
742 3523 893 3620 magicis
939 3547 1035 3619 sagae
1079 3519 1250 3616 operibus

200 3652 335 3750 (ibid),
378 3652 423 3728 de
458 3653 649 3728 fraudibus
692 3655 879 3728 amatoriis
921 3655 1055 3752 quibus
1091 3677 1252 3750 praesens

196 3787 254 3862 vir
282 3787 431 3861 fallatur
457 3785 514 3886 (el.
548 3787 577 3881 I,
608 3791 658 3883 6),
675 3787 719 3862 de
748 3788 911 3862 Bellonae
934 3787 1130 3862 sacerdotis
1155 3786 1251 3859 vati-

201 3919 296 3994 cinio
325 3919 453 4017 (ibid),
480 3921 542 3994 ubi
572 3947 748 4020 agnoscas
779 3921 863 4018 plus
893 3930 1010 3994 artem
1038 3945 1149 4019 quam
1177 3943 1254 3992 rem

204 4054 485 4152 suppeditasse:
507 4056 597 4153 quin
624 4056 746 4148 etiam,
777 4056 808 4127 si
834 4055 925 4128 forte
948 4055 1054 4127 nobis
1075 4055 1114 4125 in
1139 4051 1253 4124 mani-

205 4191 275 4262 bus
296 4203 416 4264 essent
438 4191 777 4262 Alexandrinorum
799 4190 1018 4286 scriptorum
1038 4187 1143 4283 elegi,
1159 4212 1253 4258 com-
