3134 5104
636 611 682 621 ..
710 573 754 643 39
783 610 831 621 ..

210 751 311 826 pars,
325 734 441 800 cetera
455 721 570 819 elegia
584 720 754 820 praeclare
770 719 1011 819 significatur,
1025 719 1076 793 ita
1087 717 1270 793 mollioris

212 884 363 960 quoque
386 855 569 955 cupidinis
601 854 856 953 praenuntium
878 853 1057 928 habemus
1082 852 1165 943 hoe,
1191 875 1268 925 non

216 995 338 1094 reipsa
356 991 523 1082 amantis
545 991 607 1066 sed
622 1015 742 1066 amere
755 990 933 1089 optantis,
959 988 1143 1064 distichon
1153 1017 1163 1083 ;
1180 1011 1270 1087 qua·

219 1138 371 1229 propter
392 1126 438 1202 el.
454 1123 488 1216 I,
504 1127 550 1200 10
576 1124 680 1225 quasi
696 1124 925 1200 vestibulum
949 1123 1023 1198 diei
1044 1133 1177 1222 potest,
1197 1146 1271 1221 quo

221 1264 269 1338 ad
295 1261 453 1350 Deliam,
494 1259 698 1360 «primum
725 1284 887 1335 amorem
916 1281 935 1333 ))
977 1269 1105 1360 poeta,
1128 1256 1270 1358 perdu-

222 1399 352 1474 cimur.

272 1529 429 1622 Quando
438 1527 601 1627 quinque
608 1527 654 1602 de
669 1526 775 1602 Delia
787 1527 934 1629 elegias,
953 1553 1038 1602 eum
1050 1525 1136 1602 libri
1150 1525 1272 1626 primi,

221 1678 304 1740 tum
330 1663 537 1738 universius
567 1662 686 1761 operis
712 1663 769 1736 sui
794 1661 997 1762 fastigium,
1023 1660 1190 1737 Tibullus
1215 1661 1273 1734 in·

222 1798 386 1891 ohoabat‚
418 1823 461 1872 eo
487 1806 583 1871 certe
610 1807 760 1870 venerat
772 1796 984 1894 juventutis
1006 1822 1090 1870 oum
1104 1795 1273 1871 nondum

223 1932 336 2009 animi
346 1932 415 2006 flos
423 1929 605 2005 delibatus
619 1941 725 2024 esset,
741 1930 933 2030 ingenium
948 1941 1026 2006 arte
1034 1932 1113 2029 jam
1127 1942 1274 2006 matura

224 2062 577 2166 polleretCeterum
586 2091 696 2163 supra
704 2076 937 2165 perspectum
946 2065 1123 2140 habemus
1136 2065 1275 2166 primas

187 2298 191 2305 Ι
224 2202 338 2300 hujus
351 2203 455 2278 seriei
469 2201 603 2301 elegias
620 2213 717 2277 arete
733 2201 886 2277 attinere
901 2201 947 2275 ad
959 2201 1129 2300 quaedam
1150 2200 1278 2276 Tibul-

223 2337 330 2411 lianae
347 2337 435 2413 vitae
450 2339 556 2428 facta,
587 2362 746 2435 quorum
772 2347 938 2436 tempora
958 2347 1015 2412 sat
1038 2337 1279 2436 probabiliter

224 2471 449 2548 definiantur
470 2502 478 2548 :
498 2473 551 2547 ita
573 2483 617 2547 ut
633 2471 679 2547 el.
690 2469 755 2576 I‚1
773 2515 823 2526 -
837 2472 901 2547 ubi
919 2470 1087 2546 Messalae
1104 2471 1280 2547 invitatio

219 2618 423 2702 recusatur,
462 2605 655 2682 Tibullum
687 2607 727 2680 in
764 2605 954 2682 Orientem
989 2633 1114 2682 seeum
1141 2606 1272 2682 ducere

219 2741 401 2840 cupientis
422 2740 580 2815 -bene
603 2741 649 2814 ad
669 2740 829 2816 hiemem
853 2744 921 2816 725
938 2741 1118 2839 assignari
1130 2741 1273 2838 possit;

220 2875 266 2950 el.
276 2873 340 2967 I,3
354 2902 490 2974 -quae
501 2874 666 2950 Messalae
678 2875 864 2950 cohortem
876 2899 895 2949 ((
906 2875 1113 2975 perAEgeas
1123 2873 1271 2950 undas»

221 3015 445 3104 pergentem,
458 3005 583 3104 ipsum
599 3003 790 3079 Tibullum
804 3005 844 3077 in
855 3003 1015 3104 Corcyra
1034 3015 1274 3104 aegrotantem

223 3139 390 3236 perhibet
404 3180 448 3195 -
460 3139 505 3212 ad
514 3149 680 3215 aetatem
693 3139 857 3237 ejusdem
868 3139 957 3214 anni
966 3138 1017 3238 (l)
1026 3169 1037 3234 3
1046 3138 1095 3213 el.
1109 3139 1174 3231 La
1189 3162 1276 3214 vero

224 3274 325 3350 inter
337 3285 531 3374 utramque
547 3276 744 3351 statuenda
759 3275 829 3350 sit:
845 3275 919 3349 nisi
932 3275 1137 3350 cavendum
1154 3286 1211 3349 est
1228 3300 1275 3348 ne

226 3406 385 3484 nimium
402 3409 520 3509 rigide
534 3409 580 3485 de
591 3408 805 3509 hujusmodi
817 3408 926 3485 rebus
934 3409 1134 3507 judicetur.
1150 3408 1276 3504 Tibul-

227 3544 284 3619 lus
300 3543 399 3619 enim
411 3544 627 3642 neutiquam
645 3543 795 3619 illorum
814 3554 1007 3618 auctorum
1022 3554 1087 3640 est,
1103 3543 1177 3643 qui,
1189 3541 1276 3620 Ovi·

226 3681 279 3755 dii
293 3705 405 3774 more,
418 3675 597 3779 quidquid
609 3677 679 3753 sibi
694 3678 900 3777 contigerit,
912 3677 1155 3777 extemporali
1168 3704 1279 3754 versu

227 3813 430 3906 illustrant;
454 3813 628 3913 pleraque
650 3813 730 3910 ejus
754 3811 916 3887 carmina
937 3812 1061 3887 nitent
1082 3823 1158 3919 arte
1184 3824 1220 3887 et
1240 3812 1279 3886 in

230 3948 387 4048 singulis
414 3948 581 4048 partibus
604 3959 641 4024 et
664 3947 704 4022 in
728 3958 809 4022 toto
836 3947 1007 4046 ponendo
1035 3947 1280 4042 concinniore,

267 4153 304 4226 (1)
324 4152 398 4208 Note
416 4169 479 4207 oum
499 4151 609 4208 AEmilio
625 4151 754 4206 Baehrens
770 4150 798 4206 in
808 4151 849 4236 ⁹¹·
871 4153 897 4219 Ι,
916 4157 926 4208 l
952 4158 981 4209 et
999 4155 1016 4209 2
1034 4153 1175 4208 hibernam
1198 4147 1287 4222 magis

231 4247 424 4313 tempestatem
437 4249 500 4296 onte
514 4243 606 4296 oeulos
618 4241 693 4311 poni,
709 4240 737 4294 in
752 4241 787 4299 el.
807 4243 829 4312 l,
848 4247 863 4298 3
880 4243 1016 4305 aestivam,
