3134 5104
765 568 963 639 ..78-

387 711 568 788 Venimus
593 740 694 788 nune
713 715 758 788 ad
774 715 928 790 ultimos
944 713 1086 789 Tibulli
1111 740 1274 790 amores:
1289 713 1395 787 illam

338 833 525 912 Nemesim
541 865 623 939 quae
638 839 841 915 celebratur
855 841 895 914 in
909 841 1072 940 quinque
1090 839 1141 938 (1)
1156 839 1242 914 libri
1260 837 1302 912 ΙΙ
1320 838 1394 913 ele-

336 969 407 1066 giis
433 972 491 1070 (el.
520 977 551 1067 1,
582 976 617 1065 3,
636 979 670 1069 4,
693 978 731 1062 5,
746 980 777 1092 Ι6
807 975 922 1050 :ela
950 985 1074 1050 autem
1094 1001 1205 1072 supra
1229 973 1393 1048 vidimus

336 1105 599 1202 epithalamion
613 1135 691 1185 esse
704 1107 861 1185 Comuti
888 1121 924 1187 et
941 1109 1121 1208 Sulpioiae,
1145 1109 1240 1184 male
1262 1109 1390 1184 ceteris

334 1240 582 1341 immixtum).
598 1244 671 1319 Eas
687 1256 811 1320 autem
823 1244 970 1345 elegias,
982 1245 1042 1320 vel
1059 1244 1090 1319 si
1104 1245 1247 1320 deesset
1264 1242 1390 1320 Ovidii

335 1375 589 1451 testimonium
615 1379 682 1477 (2),
710 1379 958 1454 novissimum
973 1378 1110 1452 Tibulli
1127 1405 1220 1478 opus
1238 1403 1316 1452 esse
1329 1403 1388 1451 ra·

335 1519 417 1583 tum
431 1509 647 1586 haberemus
663 1542 671 1587 :
685 1539 733 1588 ex
747 1515 827 1611 ipsa
844 1514 944 1588 enim
957 1513 1162 1588 carminum
1175 1510 1391 1587 condicione

335 1644 497 1718 cernitur
517 1645 654 1754 librum
681 1645 723 1720 ΙΙ
750 1648 924 1725 defuneto
944 1659 1091 1724 auctore
1111 1647 1267 1737 editum,
1285 1657 1388 1721 ante·

336 1804 447 1877 quem
461 1806 645 1856 summam
653 1781 686 1856 ei
700 1807 852 1856 manum
863 1784 1050 1882 imponere
1065 1781 1247 1882 potuisset
1260 1811 1269 1874 ;
1288 1780 1387 1880 quod

333 1915 537 2012 praesertim
565 1914 608 1989 el.
624 1914 678 2006 II,
698 1921 718 1990 3
735 1929 770 1991 et
785 1914 840 2007 ll,
862 1922 882 1991 5
906 1917 1117 2016 inspicienti
1141 1917 1229 1991 setis
1252 1915 1384 2015 liquet.

335 2045 425 2139 Quae
458 2049 503 2124 de
524 2050 669 2124 duobus
694 2050 751 2124 his
785 2052 929 2150 scriptis
950 2051 1109 2151 Gruppe‚
1138 2049 1386 2147 Baehrensque

333 2196 369 2258 et
389 2183 449 2258 alii
463 2185 728 2275 disseruerunt,
745 2212 821 2261 non
837 2213 930 2285 opus
947 2199 1003 2262 est
1022 2197 1064 2262 ut
1075 2187 1135 2260 hie
1161 2183 1382 2284 singillatim

333 2320 505 2415 referam3
520 2321 584 2395 sed
609 2321 660 2396 rei
676 2347 820 2396 summa
834 2322 873 2396 in
892 2323 961 2397 hoe
975 2321 1242 2422 propemodum
1268 2320 1383 2394 eonti-

332 2465 453 2528 netur.
475 2459 508 2528 1ο
522 2455 580 2528 El.
598 2459 619 2530 3
634 2457 754 2556 primo
768 2457 904 2531 obtutu
917 2457 1140 2554 comperitur
1153 2456 1273 2531 tribus
1288 2455 1382 2552 frag-

332 2589 466 2664 mentis
492 2601 656 2664 constare
686 2591 737 2687 (v.
766 2595 865 2682 1-34,
882 2618 916 2664 u.
945 2595 1073 2680 35-58,
1091 2617 1128 2663 v.
1147 2591 1287 2688 ser-80),
1302 2614 1382 2688 quae

332 2725 511 2823 apposita,
533 2752 609 2800 non
622 2727 819 2824 conjuncta
834 2727 921 2816 sint,
948 2728 1063 2799 itaut
1086 2725 1244 2823 primam
1259 2723 1382 2820 elegiae

331 2859 521 2935 materiam
554 2861 789 2958 potiusquam
834 2862 952 2958 ipsam
983 2859 1138 2958 elegiam
1168 2858 1378 2933 habeamus.

332 2996 367 3067 2⁰
384 2994 429 3068 In
447 2993 493 3074 el.
514 2994 742 3069 5manifesta
756 2995 887 3068 lacuna
909 2995 1007 3068 inter
1030 3019 1066 3066 v.
1086 2997 1130 3066 66
1153 3004 1189 3066 et
1215 3019 1251 3065 v.
1269 2995 1315 3066 67
1328 2992 1382 3064 in·

330 3128 713 3227 teroedit,iterumque
723 3129 789 3202 vix
799 3127 1028 3227 intellegitur
1038 3152 1110 3226 quo
1121 3126 1272 3202 vinculo
1283 3151 1319 3200 v.
1332 3129 1379 3200 80

331 3290 415 3340 cum
425 3264 659 3362 sequentibus
668 3263 1045 3339 eohaereat.Praeterea
1053 3261 1135 3335 duae
1143 3260 1377 3360 parentheses

332 3398 384 3494 (v.
404 3399 516 3472 21-38
532 3428 540 3472 :
556 3396 714 3496 Neofore
728 3399 888 3472 credebat
899 3439 948 3452 —
960 3397 1134 3473 condidus
1149 3421 1261 3494 apaan
1281 3392 1354 3470 ovis
1368 3422 1378 3486 ;

330 3558 366 3606 v.
386 3535 498 3621 71-78
515 3563 523 3607 :
539 3533 864 3632 Hoeforedieerunt
876 3574 924 3590 —
938 3531 1191 3632 praemonuisse
1203 3530 1315 3625 boves)
1329 3529 1381 3605 ita

331 3666 550 3742 sententiam
562 3667 825 3766 impediunt,ut
839 3668 931 3743 tales
940 3692 1133 3765 nunquam
1148 3676 1244 3741 certe
1255 3663 1381 3739 Tibul·

330 3801 403 3895 lus,
415 3804 490 3878 imo
501 3805 625 3880 nullus
637 3806 821 3892 bonorum
832 3813 1023 3903 poetarum
1037 3801 1248 3900 excogitare
1256 3809 1381 3899 potue·

363 4073 400 4140 (1)
417 4072 477 4126 Etsi
491 4072 527 4128 el.
545 4073 585 4142 ΙΙ,
605 4076 629 4142 l,
644 4072 769 4128 Nemesis
785 4072 894 4128 nomine
909 4087 1013 4136 carens,
1031 4086 1085 4126 non
1100 4069 1139 4124 ita
1150 4072 1305 4126 necessario
1317 4067 1379 4122 huie

327 4161 405 4216 seriei
426 4169 627 4221 annumeretur.

365 4251 401 4322 (2)
417 4252 480 4310 Vid.
497 4253 629 4308 Amorum
648 4253 681 4308 el.
698 4253 754 4322 III,
772 4257 798 4323 9,
813 4270 893 4322 supra
908 4251 954 4308 eit.
