3134 5104
320 1823 356 1871 Da
375 1823 530 1872 Tremulus
547 1836 654 1872 roseros
675 1836 765 1872 rroocu
783 1835 960 1874 acerrumo.
982 1824 1132 1877 Couorusro.

177 2068 179 2074 Ι
249 2090 285 2164 N
287 2117 370 2182 uno,
397 2093 469 2167 rite
487 2094 684 2192 recognitis
710 2094 813 2168 Albii
837 2095 1040 2190 amoribus,
1067 2096 1247 2172 'habemus

202 2225 300 2300 rande
329 2225 547 2301 Tibullianae
575 2254 724 2327 poeseos
748 2254 892 2304 summa
913 2230 1147 2306 aestimetur:
1171 2258 1245 2331 quo

201 2385 287 2434 sane
308 2372 416 2458 poeta
444 2361 484 2434 in
509 2362 633 2438 latinis
659 2363 791 2439 litteris
810 2364 988 2463 ampliora
1017 2366 1184 2466 quaedam
1212 2379 1249 2443 et

202 2494 350 2580 elatiora
373 2496 524 2596 ingenia
551 2497 660 2594 fuere,
686 2500 832 2575 nullum
851 2502 1003 2576 omnino
1017 2503 1167 2578 suavius
1185 2513 1249 2578 aut

202 2629 394 2704 venustius
435 2657 708 2710 commemores.
740 2634 942 2735 Equidem,
986 2637 1251 2713 sententiarum

201 2789 268 2838 nec
303 2764 406 2864 copia
432 2791 501 2841 nee
520 2766 697 2844 varietate
722 2770 939 2868 praelarus,
963 2768 1135 2845 Tibullus
1157 2798 1253 2872 gyro

202 2897 412 2973 continetur
429 2900 565 2998 exiguo
585 2929 595 2978 z
615 2903 750 3001 partim
776 2929 852 2995 rus,
881 2902 1016 3001 partim
1043 2930 1144 2980 amor
1169 2931 1252 2982 ceu·
1345 2945 1348 2954 .

202 3057 281 3106 sam
312 3034 466 3108 canendi
497 3035 671 3134 suppetit,
700 3036 816 3110 amba
845 3045 969 3112 autem
997 3060 1055 3110 res
1080 3036 1134 3110 ita
1158 3061 1252 3112 con-

202 3175 329 3256 textae,
351 3177 487 3243 utnon
503 3169 665 3245 vicissim
693 3170 860 3262 subeant,
880 3169 942 3244 sed
967 3168 1040 3244 fere
1055 3169 1252 3246 coalescere

203 3301 398 3376 uideantur
421 3303 460 3375 in
484 3330 602 3378 unum
626 3305 693 3404 (1)
721 3305 766 3380 In
789 3305 901 3403 hujus
928 3313 1050 3379 autem
1081 3304 1252 3380 curriculi

204 3436 398 3536 angustiis,
417 3437 553 3513 mirum
572 3451 663 3539 quot
680 3451 717 3515 et
739 3450 877 3538 quanta
889 3438 1088 3538 perfecerit.

253 3567 336 3644 Etsi
347 3569 529 3671 plerisque
544 3573 798 3649 Romanorum
813 3573 1033 3672 scriptorum
1046 3583 1178 3647 nutura
1196 3574 1253 3647 in-

240 3803 277 3874 (1)
292 3804 393 3874 Praeter
407 3804 446 3865 el.
469 3805 491 3876 l,
513 3807 557 3876 10,
567 3823 627 3878 quae
637 3807 665 3862 in
680 3823 735 3861 uno
746 3823 807 3860 ruro
817 3810 949 3873 versatur,
964 3803 1002 3863 el.
1022 3803 1047 3874 Ι,
1058 3803 1074 3858 7
1085 3803 1118 3858 de
1130 3803 1256 3860 Messala

206 3891 344 3962 natalicio,
368 3900 494 3963 quattuor
515 3895 611 3966 elegiae
636 3896 668 3950 de
693 3896 772 3950 Delia
797 3896 832 3964 (l,
861 3896 887 3963 1,
904 3896 930 3961 2,
954 3893 981 3960 3,
998 3893 1025 3960 5)
1048 3898 1076 3946 st
1098 3899 1152 3946 tres
1170 3893 1205 3947 el.
1222 3895 1255 3948 de

203 3979 312 4035 Nemesi
322 3982 377 4054 Ι(ΙΙ,
395 3984 417 4050 1,
428 3983 454 4050 3,
471 3985 572 4057 5)p1us
584 3987 673 4040 minus
689 3985 783 4041 rustici
798 3983 894 4056 coloris
909 3981 1256 4039 habent.Deu1recontra

202 4069 297 4124 siletur
308 4070 336 4124 in
348 4088 402 4126 una
416 4073 565 4144 elegiarum
579 4076 613 4130 de
628 4076 705 4131 Delia
719 4076 754 4148 (Ι,
765 4076 803 4145 6),
815 4074 919 4130 duabus
935 4071 970 4128 de
983 4069 1094 4126 Nemesi
1110 4070 1161 4140 (Il,
1176 4071 1202 4135 4,
1214 4072 1253 4142 6),

205 4159 309 4214 cunetis
330 4160 364 4215 do
386 4163 509 4217 Maratha
523 4163 558 4236 (l,
571 4166 598 4234 4,
619 4166 645 4234 8,
660 4167 700 4234 9),
715 4165 780 4219 item
796 4165 825 4218 in
841 4162 966 4218 omnibus
986 4160 1039 4218 lib.
1060 4160 1097 4214 IV
1118 4159 1252 4231 elegidiis,

205 4246 261 4300 sive
275 4247 309 4301 de
320 4248 449 4319 Sulpicia,
463 4252 520 4306 sive
533 4253 567 4306 de
583 4254 699 4324 Glycera
713 4255 775 4323 (IV,
791 4253 837 4308 ⁶2·6
853 4259 880 4308 et
894 4252 937 4320 13,
953 4249 1006 4321 14).
