<?xml version="1.0" encoding="UTF-8"?>
<!DOCTYPE html PUBLIC "-//W3C//DTD XHTML 1.0 Transitional//EN"
    "http://www.w3.org/TR/xhtml1/DTD/xhtml1-transitional.dtd">
<html xmlns="http://www.w3.org/1999/xhtml" xml:lang="en" lang="en">
 <head>
  <title>
</title>
<meta http-equiv="Content-Type" content="text/html;charset=utf-8" />
  <meta name='ocr-system' content='tesseract 3.04.00' />
  <meta name='ocr-capabilities' content='ocr_page ocr_carea ocr_par ocr_line ocrx_word'/>
</head>
<body>
  <div class='ocr_page' id='page_1' title='image "./detibulliamorib00doncgoog_0051.png"; bbox 0 0 3116 5104; ppageno 0'>
   <div class='ocr_carea' id='block_1_1' title="bbox 297 518 1365 3849">
    <p class='ocr_par' dir='ltr' id='par_1_1' title="bbox 740 518 937 589">
     <span class='ocr_line' id='line_1_1' title="bbox 740 518 937 589; baseline 0.005 -19"><span class='ocrx_word' id='word_1_1' title='bbox 740 557 788 570; x_wconf 88' lang='grc'>...</span> <span class='ocrx_word' id='word_1_2' title='bbox 815 518 861 589; x_wconf 70' lang='lat'>26</span> <span class='ocrx_word' id='word_1_3' title='bbox 888 558 937 571; x_wconf 86' lang='grc'><strong>-</strong></span> 
     </span>
    </p>

    <p class='ocr_par' dir='ltr' id='par_1_2' title="bbox 305 660 1365 2376">
     <span class='ocr_line' id='line_1_2' title="bbox 315 660 1365 766; baseline -0.005 -26"><span class='ocrx_word' id='word_1_4' title='bbox 315 660 483 740; x_wconf 79' lang='lat' dir='ltr'>Cassium</span> <span class='ocrx_word' id='word_1_5' title='bbox 505 675 627 740; x_wconf 90' lang='lat' dir='ltr'>autem</span> <span class='ocrx_word' id='word_1_6' title='bbox 651 667 869 766; x_wconf 86' lang='lat' dir='ltr'>accepimus,</span> <span class='ocrx_word' id='word_1_7' title='bbox 892 667 944 741; x_wconf 87' lang='lat' dir='ltr'>ait</span> <span class='ocrx_word' id='word_1_8' title='bbox 964 665 1150 759; x_wconf 83' lang='lat' dir='ltr'>Baehrens,</span> <span class='ocrx_word' id='word_1_9' title='bbox 1178 663 1365 762; x_wconf 69' lang='lat' dir='ltr'>scripsisse</span> 
     </span>
     <span class='ocr_line' id='line_1_3' title="bbox 311 793 1365 899; baseline -0.006 -27"><span class='ocrx_word' id='word_1_10' title='bbox 311 799 521 899; x_wconf 70' lang='lat' dir='ltr'>tragaedias,</span> <span class='ocrx_word' id='word_1_11' title='bbox 550 798 649 899; x_wconf 90' lang='lat' dir='ltr'>quod</span> <span class='ocrx_word' id='word_1_12' title='bbox 683 825 769 874; x_wconf 86' lang='lat' dir='ltr'>sane</span> <span class='ocrx_word' id='word_1_13' title='bbox 799 799 980 874; x_wconf 90' lang='lat' dir='ltr'>scribendi</span> <span class='ocrx_word' id='word_1_14' title='bbox 1002 825 1121 899; x_wconf 89' lang='lat' dir='ltr'>genus</span> <span class='ocrx_word' id='word_1_15' title='bbox 1154 824 1175 872; x_wconf 86' lang='lat' dir='ltr'>a</span> <span class='ocrx_word' id='word_1_16' title='bbox 1213 793 1365 871; x_wconf 87' lang='lat' dir='ltr'>Tibullo</span> 
     </span>
     <span class='ocr_line' id='line_1_4' title="bbox 312 929 1365 1034; baseline -0.006 -27"><span class='ocrx_word' id='word_1_17' title='bbox 312 959 424 1034; x_wconf 88' lang='lat' dir='ltr'>quam</span> <span class='ocrx_word' id='word_1_18' title='bbox 439 934 601 1008; x_wconf 86' lang='lat' dir='ltr'>maxime</span> <span class='ocrx_word' id='word_1_19' title='bbox 614 933 808 1009; x_wconf 83' lang='lat' dir='ltr'>abhorret:</span> <span class='ocrx_word' id='word_1_20' title='bbox 829 960 958 1009; x_wconf 89' lang='lat' dir='ltr'>versus</span> <span class='ocrx_word' id='word_1_21' title='bbox 972 933 1089 1033; x_wconf 83' lang='lat' dir='ltr'>igitur</span> <span class='ocrx_word' id='word_1_22' title='bbox 1108 958 1184 1007; x_wconf 93' lang='lat' dir='ltr'>non</span> <span class='ocrx_word' id='word_1_23' title='bbox 1205 929 1365 1030; x_wconf 79' lang='lat' dir='ltr'><strong>pertinet</strong></span> 
     </span>
     <span class='ocr_line' id='line_1_5' title="bbox 313 1065 1362 1166; baseline -0.006 -24"><span class='ocrx_word' id='word_1_24' title='bbox 313 1067 359 1142; x_wconf 87' lang='lat' dir='ltr'>ad</span> <span class='ocrx_word' id='word_1_25' title='bbox 388 1066 592 1142; x_wconf 85' lang='lat' dir='ltr'><strong>Tibullum.</strong></span> <span class='ocrx_word' id='word_1_26' title='bbox 623 1065 773 1143; x_wconf 88' lang='lat' dir='ltr'>Valeret</span> <span class='ocrx_word' id='word_1_27' title='bbox 797 1068 1078 1166; x_wconf 87' lang='lat' dir='ltr'>argumentatio,</span> <span class='ocrx_word' id='word_1_28' title='bbox 1111 1068 1142 1142; x_wconf 88' lang='lat' dir='ltr'>si</span> <span class='ocrx_word' id='word_1_29' title='bbox 1167 1065 1362 1166; x_wconf 81' lang='lat' dir='ltr'>quideme</span> 
     </span>
     <span class='ocr_line' id='line_1_6' title="bbox 312 1195 1358 1299; baseline -0.008 -23"><span class='ocrx_word' id='word_1_30' title='bbox 312 1200 421 1276; x_wconf 87' lang='lat' dir='ltr'>docto</span> <span class='ocrx_word' id='word_1_31' title='bbox 434 1200 515 1276; x_wconf 85' lang='lat' dir='ltr'>viro</span> <span class='ocrx_word' id='word_1_32' title='bbox 529 1199 756 1275; x_wconf 90' lang='lat' dir='ltr'>evinceretur</span> <span class='ocrx_word' id='word_1_33' title='bbox 769 1199 939 1277; x_wconf 82' lang='lat' dir='ltr'>Cassium</span> <span class='ocrx_word' id='word_1_34' title='bbox 955 1202 1049 1277; x_wconf 90' lang='lat' dir='ltr'><strong>nihil</strong></span> <span class='ocrx_word' id='word_1_35' title='bbox 1064 1200 1138 1275; x_wconf 89' lang='lat' dir='ltr'>nisi</span> <span class='ocrx_word' id='word_1_36' title='bbox 1153 1195 1358 1299; x_wconf 72' lang='lat' dir='ltr'>tragoedias,</span> 
     </span>
     <span class='ocr_line' id='line_1_7' title="bbox 310 1330 1360 1443; baseline -0.005 -34"><span class='ocrx_word' id='word_1_37' title='bbox 310 1360 503 1434; x_wconf 86' lang='lat' dir='ltr'>nunquam</span> <span class='ocrx_word' id='word_1_38' title='bbox 533 1334 654 1432; x_wconf 80' lang='lat' dir='ltr'>elegos</span> <span class='ocrx_word' id='word_1_39' title='bbox 692 1335 921 1412; x_wconf 84' lang='lat' dir='ltr'>condidisse:</span> <span class='ocrx_word' id='word_1_40' title='bbox 946 1336 1047 1437; x_wconf 91' lang='lat' dir='ltr'>quod</span> <span class='ocrx_word' id='word_1_41' title='bbox 1089 1362 1174 1443; x_wconf 93' lang='lat' dir='ltr'>cum</span> <span class='ocrx_word' id='word_1_42' title='bbox 1202 1330 1360 1409; x_wconf 82' lang='lat' dir='ltr'>Aaronis</span> 
     </span>
     <span class='ocr_line' id='line_1_8' title="bbox 309 1466 1358 1572; baseline -0.006 -27"><span class='ocrx_word' id='word_1_43' title='bbox 309 1468 540 1570; x_wconf 87' lang='lat' dir='ltr'>grammatici</span> <span class='ocrx_word' id='word_1_44' title='bbox 563 1469 671 1544; x_wconf 88' lang='lat' dir='ltr'>dictis</span> <span class='ocrx_word' id='word_1_45' title='bbox 695 1469 749 1568; x_wconf 90' lang='lat'>(1)</span> <span class='ocrx_word' id='word_1_46' title='bbox 764 1481 888 1569; x_wconf 88' lang='lat' dir='ltr'>aperte</span> <span class='ocrx_word' id='word_1_47' title='bbox 908 1481 1102 1572; x_wconf 82' lang='lat' dir='ltr'>repugnet,</span> <span class='ocrx_word' id='word_1_48' title='bbox 1118 1495 1221 1545; x_wconf 88' lang='lat' dir='ltr'>mero</span> <span class='ocrx_word' id='word_1_49' title='bbox 1244 1466 1358 1560; x_wconf 84' lang='lat' dir='ltr'>Quin·</span> 
     </span>
     <span class='ocr_line' id='line_1_9' title="bbox 306 1601 1357 1700; baseline -0.002 -22"><span class='ocrx_word' id='word_1_50' title='bbox 306 1602 437 1700; x_wconf 87' lang='lat' dir='ltr'>tiliani,</span> <span class='ocrx_word' id='word_1_51' title='bbox 451 1630 552 1679; x_wconf 91' lang='lat' dir='ltr'>mero</span> <span class='ocrx_word' id='word_1_52' title='bbox 567 1601 693 1680; x_wconf 87' lang='lat' dir='ltr'>Ovidii</span> <span class='ocrx_word' id='word_1_53' title='bbox 719 1604 866 1680; x_wconf 92' lang='lat' dir='ltr'>silentio</span> <span class='ocrx_word' id='word_1_54' title='bbox 878 1631 956 1680; x_wconf 91' lang='lat' dir='ltr'>non</span> <span class='ocrx_word' id='word_1_55' title='bbox 971 1605 1060 1680; x_wconf 90' lang='lat' dir='ltr'>satis</span> <span class='ocrx_word' id='word_1_56' title='bbox 1074 1605 1357 1680; x_wconf 89' lang='lat' dir='ltr'>demonstratur.</span> 
     </span>
     <span class='ocr_line' id='line_1_10' title="bbox 307 1736 1358 1840; baseline -0.001 -29"><span class='ocrx_word' id='word_1_57' title='bbox 307 1737 390 1814; x_wconf 93' lang='lat' dir='ltr'>Imo</span> <span class='ocrx_word' id='word_1_58' title='bbox 419 1740 573 1815; x_wconf 89' lang='lat' dir='ltr'>verbum</span> <span class='ocrx_word' id='word_1_59' title='bbox 600 1739 768 1839; x_wconf 75' lang='lat' dir='ltr'>opuscolo</span> <span class='ocrx_word' id='word_1_60' title='bbox 798 1740 922 1816; x_wconf 87' lang='lat' dir='ltr'>referri</span> <span class='ocrx_word' id='word_1_61' title='bbox 957 1739 1133 1840; x_wconf 88' lang='lat' dir='ltr'>possead</span> <span class='ocrx_word' id='word_1_62' title='bbox 1162 1736 1358 1838; x_wconf 87' lang='lat' dir='ltr'>tragoedias</span> 
     </span>
     <span class='ocr_line' id='line_1_11' title="bbox 306 1872 1357 1975; baseline -0.003 -27"><span class='ocrx_word' id='word_1_63' title='bbox 306 1873 496 1972; x_wconf 81' lang='lat' dir='ltr'>praesracte</span> <span class='ocrx_word' id='word_1_64' title='bbox 508 1899 626 1974; x_wconf 86' lang='lat' dir='ltr'>neg03</span> <span class='ocrx_word' id='word_1_65' title='bbox 653 1884 690 1948; x_wconf 91' lang='lat' dir='ltr'>et</span> <span class='ocrx_word' id='word_1_66' title='bbox 702 1874 781 1950; x_wconf 90' lang='lat' dir='ltr'>illic</span> <span class='ocrx_word' id='word_1_67' title='bbox 793 1899 840 1949; x_wconf 92' lang='lat' dir='ltr'>ne</span> <span class='ocrx_word' id='word_1_68' title='bbox 854 1874 1041 1975; x_wconf 88' lang='lat' dir='ltr'>longiores</span> <span class='ocrx_word' id='word_1_69' title='bbox 1061 1873 1210 1974; x_wconf 88' lang='lat' dir='ltr'>quidem</span> <span class='ocrx_word' id='word_1_70' title='bbox 1224 1872 1357 1972; x_wconf 83' lang='lat' dir='ltr'>elegias</span> 
     </span>
     <span class='ocr_line' id='line_1_12' title="bbox 307 2007 1353 2108; baseline -0.002 -26"><span class='ocrx_word' id='word_1_71' title='bbox 307 2008 507 2107; x_wconf 87' lang='lat' dir='ltr'>significari</span> <span class='ocrx_word' id='word_1_72' title='bbox 524 2007 682 2098; x_wconf 87' lang='lat' dir='ltr'>credam,</span> <span class='ocrx_word' id='word_1_73' title='bbox 697 2009 820 2107; x_wconf 89' lang='lat' dir='ltr'>potius</span> <span class='ocrx_word' id='word_1_74' title='bbox 835 2009 990 2108; x_wconf 86' lang='lat' dir='ltr'>elegidia</span> <span class='ocrx_word' id='word_1_75' title='bbox 1002 2009 1062 2084; x_wconf 90' lang='lat' dir='ltr'>vel</span> <span class='ocrx_word' id='word_1_76' title='bbox 1076 2009 1353 2108; x_wconf 87' lang='lat' dir='ltr'>epigrammata,</span> 
     </span>
     <span class='ocr_line' id='line_1_13' title="bbox 306 2141 1356 2243; baseline -0.002 -27"><span class='ocrx_word' id='word_1_77' title='bbox 306 2143 428 2242; x_wconf 87' lang='lat' dir='ltr'>qualia</span> <span class='ocrx_word' id='word_1_78' title='bbox 440 2142 538 2242; x_wconf 88' lang='lat' dir='ltr'>apud</span> <span class='ocrx_word' id='word_1_79' title='bbox 552 2141 743 2217; x_wconf 87' lang='lat' dir='ltr'>Tibullum</span> <span class='ocrx_word' id='word_1_80' title='bbox 753 2144 954 2243; x_wconf 77' lang='lat' dir='ltr'>reperimus</span> <span class='ocrx_word' id='word_1_81' title='bbox 969 2155 1006 2219; x_wconf 88' lang='lat' dir='ltr'>et</span> <span class='ocrx_word' id='word_1_82' title='bbox 1018 2143 1170 2218; x_wconf 88' lang='lat' dir='ltr'>fortasse</span> <span class='ocrx_word' id='word_1_83' title='bbox 1184 2141 1356 2228; x_wconf 89' lang='lat' dir='ltr'>Tibullus</span> 
     </span>
     <span class='ocr_line' id='line_1_14' title="bbox 305 2276 828 2376; baseline 0.002 -25"><span class='ocrx_word' id='word_1_84' title='bbox 305 2277 433 2352; x_wconf 90' lang='lat' dir='ltr'>eodem</span> <span class='ocrx_word' id='word_1_85' title='bbox 451 2288 616 2376; x_wconf 87' lang='lat' dir='ltr'>tempore</span> <span class='ocrx_word' id='word_1_86' title='bbox 631 2276 828 2353; x_wconf 87' lang='lat' dir='ltr'>conflabat.</span> 
     </span>
    </p>

    <p class='ocr_par' dir='ltr' id='par_1_3' title="bbox 297 2409 1355 3849">
     <span class='ocr_line' id='line_1_15' title="bbox 353 2409 1355 2511; baseline -0.001 -24"><span class='ocrx_word' id='word_1_87' title='bbox 353 2409 475 2488; x_wconf 89' lang='lat' dir='ltr'>Nimis</span> <span class='ocrx_word' id='word_1_88' title='bbox 488 2411 584 2486; x_wconf 87' lang='lat' dir='ltr'>levia</span> <span class='ocrx_word' id='word_1_89' title='bbox 602 2411 754 2486; x_wconf 90' lang='lat' dir='ltr'>demum</span> <span class='ocrx_word' id='word_1_90' title='bbox 764 2438 846 2511; x_wconf 88' lang='lat' dir='ltr'>quae</span> <span class='ocrx_word' id='word_1_91' title='bbox 862 2410 1038 2487; x_wconf 78' lang='lat' dir='ltr'>Baehrens</span> <span class='ocrx_word' id='word_1_92' title='bbox 1053 2412 1179 2488; x_wconf 87' lang='lat' dir='ltr'>addit:</span> <span class='ocrx_word' id='word_1_93' title='bbox 1196 2410 1297 2486; x_wconf 90' lang='lat' dir='ltr'>Albii</span> <span class='ocrx_word' id='word_1_94' title='bbox 1312 2411 1355 2486; x_wconf 89' lang='lat' dir='ltr'>in</span> 
     </span>
     <span class='ocr_line' id='line_1_16' title="bbox 302 2543 1352 2644; baseline -0.001 -25"><span class='ocrx_word' id='word_1_95' title='bbox 302 2543 408 2644; x_wconf 85' lang='lat' dir='ltr'>epist.</span> <span class='ocrx_word' id='word_1_96' title='bbox 425 2544 568 2618; x_wconf 84' lang='lat' dir='ltr'>inducti</span> <span class='ocrx_word' id='word_1_97' title='bbox 584 2567 604 2618; x_wconf 79' lang='lat' dir='ltr'>c</span> <span class='ocrx_word' id='word_1_98' title='bbox 621 2544 769 2620; x_wconf 90' lang='lat' dir='ltr'>divitias</span> <span class='ocrx_word' id='word_1_99' title='bbox 783 2557 971 2644; x_wconf 87' lang='lat' dir='ltr'>artemque</span> <span class='ocrx_word' id='word_1_100' title='bbox 982 2546 1129 2621; x_wconf 88' lang='lat' dir='ltr'>fruendi</span> <span class='ocrx_word' id='word_1_101' title='bbox 1141 2570 1174 2641; x_wconf 80' lang='lat' dir='ltr'>a,</span> <span class='ocrx_word' id='word_1_102' title='bbox 1186 2545 1352 2644; x_wconf 75' lang='lat' dir='ltr'>ejusdem</span> 
     </span>
     <span class='ocr_line' id='line_1_17' title="bbox 302 2678 1352 2779; baseline -0.001 -27"><span class='ocrx_word' id='word_1_103' title='bbox 302 2678 553 2778; x_wconf 86' lang='lat' dir='ltr'>philosophica</span> <span class='ocrx_word' id='word_1_104' title='bbox 574 2679 696 2753; x_wconf 88' lang='lat' dir='ltr'>studia</span> <span class='ocrx_word' id='word_1_105' title='bbox 719 2705 870 2779; x_wconf 92' lang='lat' dir='ltr'>prorsus</span> <span class='ocrx_word' id='word_1_106' title='bbox 895 2707 917 2754; x_wconf 89' lang='lat' dir='ltr'>a</span> <span class='ocrx_word' id='word_1_107' title='bbox 936 2679 1075 2754; x_wconf 87' lang='lat' dir='ltr'>Tibulli</span> <span class='ocrx_word' id='word_1_108' title='bbox 1094 2705 1250 2779; x_wconf 88' lang='lat' dir='ltr'>persona</span> <span class='ocrx_word' id='word_1_109' title='bbox 1275 2679 1352 2752; x_wconf 92' lang='lat' dir='ltr'>dis·</span> 
     </span>
     <span class='ocr_line' id='line_1_18' title="bbox 301 2811 1353 2912; baseline -0.001 -25"><span class='ocrx_word' id='word_1_110' title='bbox 301 2812 461 2887; x_wconf 89' lang='lat' dir='ltr'>cordare.</span> <span class='ocrx_word' id='word_1_111' title='bbox 489 2811 546 2886; x_wconf 92' lang='lat' dir='ltr'>De</span> <span class='ocrx_word' id='word_1_112' title='bbox 573 2811 726 2904; x_wconf 87' lang='lat' dir='ltr'>divitiis,</span> <span class='ocrx_word' id='word_1_113' title='bbox 759 2812 1062 2911; x_wconf 89' lang='lat' dir='ltr'>perpendendum</span> <span class='ocrx_word' id='word_1_114' title='bbox 1088 2824 1145 2887; x_wconf 81' lang='lat' dir='ltr'>est</span> <span class='ocrx_word' id='word_1_115' title='bbox 1174 2812 1264 2912; x_wconf 91' lang='lat' dir='ltr'>quid</span> <span class='ocrx_word' id='word_1_116' title='bbox 1287 2839 1353 2912; x_wconf 89' lang='lat' dir='ltr'>per</span> 
     </span>
     <span class='ocr_line' id='line_1_19' title="bbox 300 2945 1352 3047; baseline 0 -27"><span class='ocrx_word' id='word_1_117' title='bbox 300 2946 448 3021; x_wconf 90' lang='lat' dir='ltr'>divitias</span> <span class='ocrx_word' id='word_1_118' title='bbox 469 2945 659 3040; x_wconf 85' lang='lat' dir='ltr'>Horatius,</span> <span class='ocrx_word' id='word_1_119' title='bbox 679 2946 769 3046; x_wconf 92' lang='lat' dir='ltr'>quid</span> <span class='ocrx_word' id='word_1_120' title='bbox 789 2973 854 3045; x_wconf 93' lang='lat' dir='ltr'>per</span> <span class='ocrx_word' id='word_1_121' title='bbox 875 2957 1129 3047; x_wconf 84' lang='lat' dir='ltr'>paupertatem</span> <span class='ocrx_word' id='word_1_122' title='bbox 1154 2973 1260 3022; x_wconf 87' lang='lat' dir='ltr'>suam</span> <span class='ocrx_word' id='word_1_123' title='bbox 1288 2945 1352 3020; x_wconf 87' lang='lat' dir='ltr'>Ti·</span> 
     </span>
     <span class='ocr_line' id='line_1_20' title="bbox 299 3080 1351 3180; baseline -0.001 -25"><span class='ocrx_word' id='word_1_124' title='bbox 299 3080 424 3155; x_wconf 90' lang='lat' dir='ltr'>bullus</span> <span class='ocrx_word' id='word_1_125' title='bbox 438 3080 650 3180; x_wconf 83' lang='lat' dir='ltr'>intellegere</span> <span class='ocrx_word' id='word_1_126' title='bbox 664 3081 837 3171; x_wconf 87' lang='lat' dir='ltr'>soleat,et</span> <span class='ocrx_word' id='word_1_127' title='bbox 851 3106 975 3156; x_wconf 88' lang='lat' dir='ltr'>annon</span> <span class='ocrx_word' id='word_1_128' title='bbox 989 3091 1145 3180; x_wconf 89' lang='lat' dir='ltr'>uterque</span> <span class='ocrx_word' id='word_1_129' title='bbox 1152 3080 1193 3155; x_wconf 90' lang='lat' dir='ltr'>in</span> <span class='ocrx_word' id='word_1_130' title='bbox 1203 3105 1351 3156; x_wconf 87' lang='lat' dir='ltr'>auream</span> 
     </span>
     <span class='ocr_line' id='line_1_21' title="bbox 298 3213 1350 3312; baseline -0.006 -23"><span class='ocrx_word' id='word_1_131' title='bbox 298 3213 402 3289; x_wconf 88' lang='lat' dir='ltr'>illam</span> <span class='ocrx_word' id='word_1_132' title='bbox 419 3213 723 3308; x_wconf 87' lang='lat' dir='ltr'>mediocritatem,</span> <span class='ocrx_word' id='word_1_133' title='bbox 741 3213 858 3312; x_wconf 93' lang='lat' dir='ltr'>poetis</span> <span class='ocrx_word' id='word_1_134' title='bbox 881 3239 1012 3308; x_wconf 88' lang='lat' dir='ltr'>caram,</span> <span class='ocrx_word' id='word_1_135' title='bbox 1039 3215 1246 3290; x_wconf 87' lang='lat' dir='ltr'>conveniat.</span> <span class='ocrx_word' id='word_1_136' title='bbox 1262 3213 1350 3288; x_wconf 81' lang='lat' dir='ltr'>Phi·.</span> 
     </span>
     <span class='ocr_line' id='line_1_22' title="bbox 297 3347 1351 3449; baseline 0 -26"><span class='ocrx_word' id='word_1_137' title='bbox 297 3347 474 3448; x_wconf 90' lang='lat' dir='ltr'>losophiae</span> <span class='ocrx_word' id='word_1_138' title='bbox 500 3359 623 3423; x_wconf 89' lang='lat' dir='ltr'>autem</span> <span class='ocrx_word' id='word_1_139' title='bbox 649 3374 726 3423; x_wconf 93' lang='lat' dir='ltr'>non</span> <span class='ocrx_word' id='word_1_140' title='bbox 747 3348 932 3423; x_wconf 86' lang='lat' dir='ltr'>incuriosa</span> <span class='ocrx_word' id='word_1_141' title='bbox 956 3349 1068 3424; x_wconf 85' lang='lat' dir='ltr'>fuisse</span> <span class='ocrx_word' id='word_1_142' title='bbox 1082 3361 1119 3425; x_wconf 89' lang='lat' dir='ltr'>et</span> <span class='ocrx_word' id='word_1_143' title='bbox 1142 3349 1351 3449; x_wconf 85' lang='lat' dir='ltr'>voluptaria</span> 
     </span>
     <span class='ocr_line' id='line_1_23' title="bbox 298 3481 1351 3589; baseline -0.006 -26"><span class='ocrx_word' id='word_1_144' title='bbox 298 3481 460 3580; x_wconf 85' lang='lat' dir='ltr'>ingenia,</span> <span class='ocrx_word' id='word_1_145' title='bbox 477 3482 559 3581; x_wconf 88' lang='lat' dir='ltr'>quis</span> <span class='ocrx_word' id='word_1_146' title='bbox 586 3482 763 3589; x_wconf 80' lang='lat' dir='ltr'>ignoret?</span> <span class='ocrx_word' id='word_1_147' title='bbox 785 3481 855 3558; x_wconf 86' lang='lat' dir='ltr'>Cui</span> <span class='ocrx_word' id='word_1_148' title='bbox 877 3508 953 3557; x_wconf 89' lang='lat' dir='ltr'>non</span> <span class='ocrx_word' id='word_1_149' title='bbox 981 3483 1106 3558; x_wconf 81' lang='lat' dir='ltr'>veniat</span> <span class='ocrx_word' id='word_1_150' title='bbox 1122 3485 1163 3558; x_wconf 94' lang='lat' dir='ltr'>in</span> <span class='ocrx_word' id='word_1_151' title='bbox 1187 3495 1351 3558; x_wconf 89' lang='lat' dir='ltr'>mentem</span> 
     </span>
     <span class='ocr_line' id='line_1_24' title="bbox 299 3615 1346 3716; baseline 0.004 -27"><span class='ocrx_word' id='word_1_152' title='bbox 299 3615 457 3689; x_wconf 86' lang='lat' dir='ltr'>maximi</span> <span class='ocrx_word' id='word_1_153' title='bbox 481 3617 705 3692; x_wconf 86' lang='lat' dir='ltr'>nostratium</span> <span class='ocrx_word' id='word_1_154' title='bbox 718 3617 758 3690; x_wconf 94' lang='lat' dir='ltr'>in</span> <span class='ocrx_word' id='word_1_155' title='bbox 780 3617 981 3691; x_wconf 87' lang='lat' dir='ltr'>recentiore</span> <span class='ocrx_word' id='word_1_156' title='bbox 995 3617 1128 3692; x_wconf 83' lang='lat' dir='ltr'>saeculo</span> <span class='ocrx_word' id='word_1_157' title='bbox 1142 3628 1346 3716; x_wconf 86' lang='lat' dir='ltr'>poetarum,</span> 
     </span>
     <span class='ocr_line' id='line_1_25' title="bbox 299 3749 1350 3849; baseline 0.004 -27"><span class='ocrx_word' id='word_1_158' title='bbox 299 3749 365 3849; x_wconf 92' lang='lat' dir='ltr'>qui</span> <span class='ocrx_word' id='word_1_159' title='bbox 385 3759 463 3823; x_wconf 85' lang='lat' dir='ltr'>tam</span> <span class='ocrx_word' id='word_1_160' title='bbox 477 3750 604 3826; x_wconf 89' lang='lat' dir='ltr'>mollia</span> <span class='ocrx_word' id='word_1_161' title='bbox 625 3751 671 3826; x_wconf 89' lang='lat' dir='ltr'>de</span> <span class='ocrx_word' id='word_1_162' title='bbox 694 3750 770 3825; x_wconf 90' lang='lat' dir='ltr'>suis</span> <span class='ocrx_word' id='word_1_163' title='bbox 788 3752 984 3844; x_wconf 89' lang='lat' dir='ltr'>amoribus,</span> <span class='ocrx_word' id='word_1_164' title='bbox 1002 3751 1047 3826; x_wconf 91' lang='lat' dir='ltr'>de</span> <span class='ocrx_word' id='word_1_165' title='bbox 1070 3764 1203 3827; x_wconf 86' lang='lat' dir='ltr'>natura</span> <span class='ocrx_word' id='word_1_166' title='bbox 1226 3777 1350 3827; x_wconf 92' lang='lat' dir='ltr'>rerum</span> 
     </span>
    </p>
   </div>
   <div class='ocr_carea' id='block_1_2' title="bbox 228 3867 1348 3986">
    <p class='ocr_par' dir='ltr' id='par_1_4' title="bbox 228 3867 1348 3986">
     <span class='ocr_line' id='line_1_26' title="bbox 228 3867 1348 3986; baseline 0.004 -29"><span class='ocrx_word' id='word_1_167' title='bbox 228 3867 231 3876; x_wconf 63' lang='grc'>’</span> <span class='ocrx_word' id='word_1_168' title='bbox 297 3895 377 3958; x_wconf 87' lang='lat' dir='ltr'>tam</span> <span class='ocrx_word' id='word_1_169' title='bbox 409 3885 580 3960; x_wconf 89' lang='lat' dir='ltr'>sublimia</span> <span class='ocrx_word' id='word_1_170' title='bbox 610 3887 761 3961; x_wconf 86' lang='lat' dir='ltr'>canebat</span> <span class='ocrx_word' id='word_1_171' title='bbox 781 3883 860 3983; x_wconf 78' lang='lat'>(2)?</span> <span class='ocrx_word' id='word_1_172' title='bbox 892 3886 1026 3960; x_wconf 92' lang='lat' dir='ltr'>Albius</span> <span class='ocrx_word' id='word_1_173' title='bbox 1046 3886 1119 3982; x_wconf 89' lang='lat' dir='ltr'>ille,</span> <span class='ocrx_word' id='word_1_174' title='bbox 1139 3913 1251 3986; x_wconf 90' lang='lat' dir='ltr'>quem</span> <span class='ocrx_word' id='word_1_175' title='bbox 1268 3913 1348 3962; x_wconf 91' lang='lat' dir='ltr'>sen·</span> 
     </span>
    </p>
   </div>
   <div class='ocr_carea' id='block_1_3' title="bbox 332 4069 1131 4238">
    <p class='ocr_par' dir='ltr' id='par_1_5' title="bbox 332 4069 1131 4238">
     <span class='ocr_line' id='line_1_27' title="bbox 332 4069 1131 4152; baseline 0.01 -22"><span class='ocrx_word' id='word_1_176' title='bbox 332 4077 371 4150; x_wconf 89' lang='lat' dir='ltr'>(l)</span> <span class='ocrx_word' id='word_1_177' title='bbox 386 4099 399 4130; x_wconf 78' lang='grc' dir='ltr'>α</span> <span class='ocrx_word' id='word_1_178' title='bbox 413 4078 517 4150; x_wconf 79' lang='lat' dir='ltr'>Elegiae</span> <span class='ocrx_word' id='word_1_179' title='bbox 531 4086 560 4135; x_wconf 90' lang='lat' dir='ltr'>et</span> <span class='ocrx_word' id='word_1_180' title='bbox 573 4080 769 4152; x_wconf 83' lang='lat' dir='ltr'>epigrammata</span> <span class='ocrx_word' id='word_1_181' title='bbox 783 4079 844 4150; x_wconf 83' lang='lat' dir='ltr'>ejus</span> <span class='ocrx_word' id='word_1_182' title='bbox 853 4079 1007 4142; x_wconf 83' lang='lat' dir='ltr'>laudantur.</span> <span class='ocrx_word' id='word_1_183' title='bbox 1026 4103 1039 4132; x_wconf 75' lang='lat' dir='ltr'>u</span> <span class='ocrx_word' id='word_1_184' title='bbox 1129 4069 1131 4072; x_wconf 39' lang='grc'>’</span> 
     </span>
     <span class='ocr_line' id='line_1_28' title="bbox 334 4166 652 4238; baseline 0.013 -18"><span class='ocrx_word' id='word_1_185' title='bbox 334 4166 372 4238; x_wconf 79' lang='lat'>(2)</span> <span class='ocrx_word' id='word_1_186' title='bbox 387 4166 513 4224; x_wconf 85' lang='lat' dir='ltr'>Andreas</span> <span class='ocrx_word' id='word_1_187' title='bbox 525 4168 652 4231; x_wconf 78' lang='lat' dir='ltr'>Chenier.</span> 
     </span>
    </p>
   </div>
   <div class='ocr_carea' id='block_1_4' title="bbox 0 0 1562 5104">
    <p class='ocr_par' dir='ltr' id='par_1_6' title="bbox 0 0 1562 5104">
     <span class='ocr_line' id='line_1_29' title="bbox 0 0 1562 5104; baseline 0 4"><span class='ocrx_word' id='word_1_188' title='bbox 0 0 1562 5104; x_wconf 95' lang='lat' dir='ltr'> </span> 
     </span>
    </p>
   </div>
  </div>
 </body>
</html>
