3134 5104
613 1141 814 1236 INDEX

189 1840 352 1896 Paomsssun
360 1883 1166 1904 ,,,,,,,,,,,,,,,,,,,,,,,,,,,,,,,,,,,,,,,,,,,,,,
1226 1840 1239 1894 1

189 1977 405 2032 Paonsoonnus

271 2067 298 2126 Ι,
318 2067 360 2121 De
375 2066 480 2120 Tibulli
495 2072 572 2121 textu
585 2065 775 2120 constituendo
781 2105 1164 2124 ......................
1225 2064 1238 2116 1

258 2155 299 2214 ΙΙ,
316 2156 357 2209 Da
372 2155 425 2211 fide
444 2172 555 2226 operum
570 2172 630 2224 qua
639 2153 742 2208 Tibulli
753 2153 862 2208 nomine
877 2152 1163 2214 circumferuntur‚,.‚
1206 2154 1237 2206 11

596 2287 731 2387 CAPUT
749 2330 901 2386 PRIMUM

188 2468 278 2522 Pauca
296 2467 329 2521 de
353 2465 458 2520 Tibulli
476 2467 543 2525 vita.
565 2467 661 2521 Annus
681 2465 791 2544 natalis.
813 2494 852 2506 -
872 2465 1045 2520 Documenta
1065 2465 1099 2520 de
1118 2465 1168 2519 Ti-

222 2556 297 2610 bullo
317 2573 324 2610 :
342 2546 369 2609 Ῑο
384 2555 506 2610 Suetonii
530 2558 603 2616 Vita.
619 2584 654 2597 -
666 2555 697 2609 2⁰
720 2553 829 2608 Horatii
852 2553 911 2610 Ode
933 2559 962 2608 at
982 2554 1117 2624 Epistula.
1133 2586 1170 2597 —

222 2645 325 2700 Tibulli
338 2645 447 2699 familia
459 2648 488 2700 el
502 2644 699 2703 adulescentia.
712 2674 747 2686 -
760 2642 888 2697 Tibullus
903 2642 1030 2698 Messala
1044 2644 1169 2699 familia-

225 2735 261 2790 ris
270 2725 308 2789 ‘et
319 2735 348 2789 in
359 2735 432 2790 bello
445 2735 611 2805 Aquitanico
629 2734 830 2791 contubernalis
846 2735 933 2808 (724).
946 2763 982 2778 -
993 2734 1059 2790 Cum
1074 2735 1168 2790 eodem

224 2825 252 2878 in
271 2824 367 2878 Asiam
388 2823 487 2894 pergil,
518 2842 582 2879 mox
605 2825 719 2879 Romam
739 2823 841 2894 repetit
858 2823 951 2896 1725).
979 2823 1019 2878 Eo
1047 2829 1168 2894 tempore

224 2913 377 2968 consuescit
394 2931 457 2968 cum
474 2913 563 2970 Delia.
581 2944 617 2956 -
634 2911 737 2967 Tibulli
751 2929 849 2980 moras,
864 2911 963 2982 studia,
984 2912 1164 2974 famam...
1206 2914 1240 2968 23

617 3089 741 3145 CAPUT
777 3089 807 3142 II

190 3221 230 3275 Da
243 3221 331 3292 elegia
343 3221 370 3276 X
381 3222 463 3293 primi
471 3222 544 3292 libri,
560 3221 646 3293 prima
660 3223 731 3278 inter
744 3224 917 3279 Tibullianos
927 3224 1019 3294 elegos
1030 3223 1165 3295 ponenda.

223 3311 359 3365 Excursus
377 3311 407 3364 in
419 3311 536 3380 elegiam
554 3311 612 3365 VII
631 3311 665 3366 de
683 3312 770 3367 natali
790 3314 925 3368 Messalae.
939 3345 976 3355 -
994 3312 1117 3382 Quinque
1132 3311 1166 3366 de

224 3399 305 3455 Delia
322 3399 428 3470 elegiae.
444 3430 480 3441 -
504 3400 591 3455 Deliae
607 3417 716 3470 nomen,
739 3401 874 3473 condicio,
891 3402 1014 3471 indoles;
1032 3400 1093 3455 aliea
1107 3417 1167 3471 per·

224 3506 297 3544 sonae
311 3508 327 3544 a
341 3495 423 3561 poeta
445 3489 579 3550 indnclae.
601 3490 745 3555 -Qualis
763 3492 800 3546 sit
814 3509 894 3547 verus
916 3492 1063 3562 elegiarum
1085 3490 1163 3548 ordo.

224 3579 400 3634 Refelluntur
413 3567 503 3633 Caroli
519 3579 679 3634 Lachmann
704 3586 732 3635 et
751 3580 889 3652 Lndolphi
901 3581 1000 3637 Dissen
1015 3579 1168 3636 sententiaa.

226 3700 261 3710 -
274 3669 376 3725 Tibulli
388 3687 449 3726 cum
465 3670 546 3726 Delia
559 3688 680 3724 amorum
699 3670 774 3726 vices
787 3670 968 3741 explanantur
973 3709 1159 3732 ...........
1200 3667 1234 3722 35

615 3847 740 3904 CAPUT
766 3849 813 3902 III

188 3981 255 4036 Tres
273 3982 306 4037 de
325 3983 450 4038 Marathe
470 4000 554 4054 puero
574 3983 670 4053 elegiae
690 4003 697 4038 :
716 3998 768 4052 quo
785 3987 909 4054 tempore
926 3979 1035 4051 scripta
1056 3980 1121 4034 sint.
1135 4010 1171 4020 -

224 4071 394 4127 Describitur
402 4072 521 4127 Marathi
532 4089 653 4127 amorum
664 4071 772 4126 fabula.
783 4101 817 4113 -
830 4071 873 4125 De
885 4075 982 4124 mutuo
997 4069 1093 4140 elegite
1109 4067 1168 4122 VII

223 4167 251 4216 et
269 4159 305 4216 el.
327 4162 370 4216 IX
388 4161 491 4220 ordine.
510 4191 545 4206 -
563 4161 658 4218 Obiter
676 4165 805 4216 notantur
819 4160 936 4231 quinque
951 4158 1039 4231 quarti
1052 4157 1115 4213 libri
1133 4156 1168 4211 de

222 4249 342 4323 Sulpicia
360 4256 388 4306 at
403 4251 531 4306 Cerintho
545 4250 662 4322 elegidia
668 4287 1158 4311 ............................
1201 4245 1234 4299 61
