3134 5104
328 670 392 744 nio
404 671 513 768 longe
534 669 715 746 abhorret.
735 669 904 746 Alteram
930 683 1058 747 contra
1082 671 1236 770 elegiam
1263 666 1306 765 (Ι,
1338 669 1374 764 1)

325 804 365 878 in
379 804 522 880 exordii
535 804 688 879 modum
705 829 783 879 esse
796 805 992 881 conflatam
1007 803 1296 881 luculentissime
1313 825 1376 899 ap·

324 947 449 1036 paret:
464 937 542 1013 sive
560 935 725 1012 Messalae
741 935 791 1036 (v.
806 911 868 1035 53)
881 938 1116 1038 compellatio
1143 934 1371 1012 animadver-

323 1060 427 1165 titur,
441 1097 513 1170 qua
528 1070 698 1145 Tibullus
721 1069 819 1145 claro
836 1071 953 1147 amico
976 1071 1168 1147 universos
1196 1069 1242 1144 de
1264 1065 1373 1141 Delia

323 1204 444 1304 elegos
459 1204 607 1280 videtur
620 1203 786 1280 dedicare
798 1233 808 1298 3
822 1205 899 1281 sive
915 1206 1031 1281 totius
1055 1205 1180 1305 elegiae
1205 1200 1371 1302 placidus

321 1349 438 1433 tenor,
463 1349 641 1437 tanquam
668 1339 740 1414 viri
764 1365 903 1416 novam
925 1365 1095 1416 venerem
1133 1335 1370 1439 auspicantis,

319 1473 488 1548 nondum
514 1473 713 1550 acrioribus
744 1473 927 1572 cupidinis
947 1476 1045 1551 curis
1073 1473 1264 1574 impliciti3
1292 1471 1371 1546 sive

320 1607 502 1708 praecipue
521 1607 691 1683 carminis
709 1608 915 1703 artificium,
935 1609 1001 1683 ubi
1015 1607 1200 1709 gradatim
1219 1632 1240 1680 a
1258 1631 1370 1705 gene-

318 1739 456 1817 ralibus
467 1742 658 1818 sententiis
678 1751 785 1842 poeta
796 1743 932 1817 transit
946 1743 993 1816 ad
1017 1742 1185 1842 proprios
1210 1765 1367 1816 amores.

318 1875 462 1976 Quippe
489 1877 614 1976 elegiae
626 1876 657 1970 I,
679 1880 698 1950 1
724 1877 823 1975 prior
845 1887 882 1953 et
899 1877 1072 1978 pleraque
1095 1902 1178 1977 pars
1201 1875 1240 1948 in
1264 1872 1369 1965 nulla

317 2011 442 2086 aliare
466 2021 650 2104 versatur,
684 2036 796 2109 quam
819 2011 858 2084 in
884 2011 987 2086 brevi
1016 2010 1105 2086 belli
1125 2007 1367 2085 detestatione

318 2145 368 2244 (v.
381 2143 465 2244 1-4),
480 2145 605 2244 longis
625 2145 712 2219 vitae
738 2145 884 2220 rusticae
899 2145 1073 2220 laudibus
1091 2144 1140 2245 (v.
1157 2143 1269 2241 544),
1283 2143 1366 2220 ideo

317 2303 426 2377 supra
435 2278 541 2353 dictae
555 2278 600 2354 el.
611 2278 640 2372 I,
654 2281 698 2354 10
718 2279 918 2370 simillima,
931 2279 1003 2354 nisi
1017 2279 1238 2379 quodpoetae
1249 2304 1368 2377 perso

315 2435 403 2486 nam
425 2412 488 2487 hic
504 2412 623 2512 magis
649 2412 786 2487 directe
812 2411 1021 2508 intuemur3
1040 2422 1077 2487 at
1099 2422 1296 2511 postquam
1326 2437 1364 2488 se

315 2545 535 2644 Triptolemi
558 2556 622 2620 aut
649 2545 800 2640 Cereris,
830 2546 956 2647 Priapi
988 2557 1052 2621 aut
1078 2545 1179 2621 Palis
1205 2546 1364 2646 agrestia

312 2704 413 2755 sacra
427 2680 673 2780 celebrantem
692 2681 940 2780 pristinosque
955 2681 1067 2780 Lares
1084 2680 1221 2756 ¹hostiis
1242 2681 1361 2756 colen·

309 2826 395 2909 tem,
412 2841 449 2891 se
461 2815 665 2910 consitoris,
686 2816 855 2905 aratoris,
884 2815 1040 2913 pastoris
1066 2825 1162 2890 artes
1186 2840 1359 2891 exercen-

308 2961 394 3046 tem,
408 2976 447 3026 se
459 2949 618 3049 denique
633 2949 733 3024 dulci
750 2949 893 3024 inertiae
907 2949 1166 3049 iudulgentem
1186 2950 1356 3050 praebuit,

308 3085 486 3162 continuo
524 3110 698 3180 amorem,
734 3084 954 3160 suavissima
990 3084 1099 3160 hacce
1139 3084 1361 3160 transitione

290 3206 357 3317 tv.
371 3217 512 3318 43-46)‚
531 3219 710 3318 attingit:

432 3488 700 3503 ......
743 3439 881 3514 subiacet,
897 3439 1078 3520 requiescere
1098 3441 1175 3504 lecto

527 3557 559 3617 si
571 3556 642 3619 licet
656 3563 687 3617 et
699 3555 788 3618 solito
807 3555 942 3618 membra
954 3556 1053 3619 levare
1068 3561 1145 3621 loro.

427 3670 524 3747 Quam
536 3671 623 3752 juvat
632 3673 763 3735 immites
776 3678 882 3734 ventos
900 3671 1004 3736 audire
1015 3673 1175 3737 cubantem

526 3786 566 3850 nr
580 3788 730 3852 domitam
744 3793 847 3852 tenero
856 3787 1021 3853 detinuisse
1032 3790 1112 3853 sinu.

353 4017 458 4096 Nihil
483 3987 660 4097 hactenus
677 4023 790 4099 habes
812 4033 944 4121 praeter
961 4024 1212 4125 voluptarium
1234 4025 1354 4127 phan-

253 4218 256 4225 .
303 4153 404 4229 tasiae
418 4155 552 4251 lusum,
561 4157 741 4232 visionem
755 4181 775 4230 r
789 4155 947 4232 dominae
964 4181 984 4232 n
996 4159 1109 4235 nullis
1124 4161 1231 4273 certis
1244 4160 1353 4238 linea·
