3116 5104
636 616 684 626 ..
713 575 757 645 15
783 611 831 628 .-

208 747 356 820 poeseos
371 723 494 799 indole
509 723 633 823 liquet,
646 721 959 820 quemadmodum
971 747 992 796 a
1002 723 1161 818 Tibullo,
1183 745 1260 799 non

205 883 310 933 secus
325 859 371 934 ab
385 858 521 936 Ovidio
540 857 732 932 abhorrere
745 855 1004 956 Lygdamum3
1019 883 1137 957 neque
1148 856 1259 955 hujus

206 1002 303 1068 certe
325 993 464 1069 lentam
498 991 765 1092 querimoniam
791 1016 876 1066 cum
902 991 976 1067 levi
1008 992 1108 1068 illius
1129 1018 1257 1092 proca·

204 1127 310 1226 cique
320 1127 485 1222 libidine,
499 1127 710 1202 facilitatem
733 1125 1011 1226 ubertatemque
1037 1125 1258 1203 Ouidianum

200 1285 289 1334 cum
304 1261 434 1359 jejuna
457 1270 494 1337 et
519 1261 614 1335 sicca
654 1260 839 1360 Lygdami
868 1271 1002 1335 natura
1038 1261 1257 1338 concordare

203 1419 324 1492 posse.
341 1393 449 1488 Quod
471 1393 685 1472 concludere
704 1395 804 1487 licet,
830 1396 987 1494 aquales
1008 1396 1117 1471 ambo
1141 1406 1257 1495 poetae

201 1527 362 1624 fuerunt,
392 1540 430 1605 et
463 1528 555 1604 alter
580 1527 738 1604 alterum
777 1540 833 1605 est
859 1529 1080 1604 imitatus:
1114 1554 1256 1628 nempe,

200 1663 272 1738 etsi
310 1689 368 1740 res
407 1663 514 1738 nobis
556 1661 733 1739 miraculo
773 1673 847 1756 est,
894 1660 1051 1739 Ovidius
1107 1663 1259 1763 Lygda-

199 1823 306 1873 mum
322 1796 389 1898 (1).

248 1931 361 2008 Albio
400 1929 564 2022 Tibullo,
604 1931 739 2008 Publio
777 1931 916 2009 Ovidio
962 1931 1123 2026 remotis,
1171 1959 1256 2008 cum

193 2091 273 2142 non
286 2067 406 2168 magis
432 2067 616 2167 designari
643 2067 760 2166 possit
778 2066 890 2142 homo
906 2076 1012 2141 ortus
1037 2089 1188 2166 egroeca
1200 2067 1253 2142 fa·

192 2199 299 2275 milia
328 2200 368 2274 in
392 2200 581 2277 civitatem
595 2199 802 2275 Romanam
823 2211 969 2299 recepta
992 2197 1104 2299 (quod
1133 2200 1253 2276 voluit

194 2333 430 2435 Hertzberg),
448 2335 700 2434 quaesiverunt
720 2333 821 2409 eccui
840 2333 903 2407 alii
927 2344 1047 2433 poetae
1061 2334 1252 2435 Lygdami

191 2477 284 2544 nota
302 2468 527 2546 conveniret.
556 2467 672 2544 Cassii
709 2466 936 2558 Parmensis,
965 2467 1093 2568 Valgii
1113 2494 1248 2545 nomen

192 2604 345 2704 quidem
375 2603 526 2704 syllabis
555 2602 726 2702 quadrat,
750 2613 840 2677 aetas
865 2601 1017 2679 minime
1033 2602 1074 2675 in
1101 2603 1248 2704 Lygda-

191 2764 298 2812 mum
320 2737 428 2813 cadit.
444 2737 604 2813 Lucium
631 2762 779 2837 quoque
804 2733 971 2812 Messalae
991 2735 1112 2810 filium
1135 2737 1250 2836 signi-

190 2873 294 2949 ficari
308 2872 373 2973 (sic
383 2871 444 2947 Fr.
454 2871 606 2968 Haase),
616 2895 735 2970 neque
747 2871 960 2965 absurdum,
970 2896 1038 2947 nec
1052 2881 1109 2946 sat
1120 2871 1248 2970 proba·

228 3088 265 3162 (1)
294 3085 411 3142 Gravius
436 3085 538 3157 aliquid
564 3084 664 3154 obstat,
694 3101 729 3140 ue
753 3083 926 3154 Lygdamum
961 3082 1053 3140 Ovidii
1076 3089 1157 3156 putas
1187 3084 1248 3140 imi·

189 3182 317 3235 tatorem.
332 3165 409 3232 Tune
431 3175 504 3232 enim
525 3191 638 3230 necessa
660 3173 735 3229 foret
749 3172 923 3244 Lygdamum
938 3172 1079 3245 scripsisse
1096 3173 1133 3235 al.
1151 3173 1169 3230 5
1185 3180 1247 3247 post

191 3267 298 3322 Tristia
319 3263 402 3334 edita,
426 3263 478 3319 hoc
496 3269 539 3319 est
559 3269 622 3335 post
640 3279 685 3323 an.
713 3263 776 3332 768,
799 3278 861 3317 cum
885 3261 1140 3334 quinquagesimum
1159 3263 1244 3336 septi·

189 3370 265 3409 mum
278 3369 382 3408 aunum
400 3357 519 3423 ageret:
544 3369 635 3425 porro,
654 3368 708 3423 quo
731 3355 812 3423 pacto
833 3355 943 3423 poetam
966 3349 1012 3406 vel
1037 3351 1243 3408 stolidissimum

188 3443 297 3515 credas,
317 3459 353 3498 eo
367 3441 461 3498 *aetatis
483 3445 655 3513 proveetum,
681 3439 803 3512 potuisse
824 3457 854 3495 sa
873 3461 888 3491 α
909 3440 1040 3512 juvenem
1064 3461 1079 3492 a
1106 3439 1245 3498 declarare

188 3538 357 3604 mortemque
370 3530 520 3587 instantem
538 3529 615 3585 hisce
630 3527 824 3601 metaphoricis
842 3529 933 3584 verbis
947 3527 1073 3600 alloqui:

360 3665 420 3725 Quid
433 3665 543 3714 fraudare
554 3666 627 3727 juvat
642 3665 717 3714 vitem
729 3665 884 3714 arescentibus
893 3665 953 3724 uvis,

390 3745 420 3794 lit
432 3746 501 3794 modo
513 3752 572 3794 aaa
586 3745 652 3794 mala
668 3745 755 3794 vallera
767 3758 836 3807 poma
850 3746 936 3793 mauu?

810 3832 873 3901 (ni.
886 3832 943 3904 111,
956 3831 999 3899 a.)

186 3967 314 4024 Ovidium
339 3973 446 4040 oorrtre,
464 3967 493 4023 in
517 3967 699 4024 imitationem
726 3967 846 4022 omnium
869 3971 1011 4038 poetarum
1034 3973 1091 4022 tam
1109 3982 1238 4037 pronum,

186 4057 274 4114 lectos
287 4057 332 4114 vel
346 4057 453 4113 auditos
474 4057 604 4113 memoria
618 4055 738 4112 tenuisse
751 4055 887 4128 Lygdami
900 4054 1003 4128 elegos,
1018 4071 1187 4127 nequaquam
1198 4057 1242 4111 in-

185 4147 316 4202 credibile
339 4152 409 4206 ssi:
437 4147 495 4219 ipsa
518 4147 613 4202 forsan
635 4161 706 4201 uuus
726 4151 785 4201 arat
802 4145 950 4201 amicorum
974 4145 1048 4200 Baiis
1070 4144 1239 4216 degentium,

185 4236 221 4291 ad
236 4253 302 4310 quos
315 4236 475 4310 Lygdamus
493 4235 602 4308 scripsit
616 4235 732 4306 elegiam
750 4236 777 4296 5.
