3134 5104
751 591 801 603 ..
826 553 872 624 56
899 589 949 604 ...

322 705 434 781 domo
446 714 637 780 vereatur:
654 699 759 778 Delia
773 700 923 796 interea,
939 711 976 777 et
998 701 1120 776 virum
1132 710 1169 778 et
1185 713 1380 780 amantem

321 831 507 925 fruetmu

521 1041 632 1106 Nescio
646 1058 735 1123 quem
745 1039 838 1104 tacita
851 1038 961 1104 callida
973 1043 1062 1104 nocte
1075 1039 1169 1105 foret.

322 1277 382 1354 En
413 1285 596 1378 quantum
621 1281 766 1349 mutata
795 1269 841 1348 ab
861 1271 927 1348 illa
949 1270 1066 1369 Delia,
1096 1299 1207 1376 quam
1238 1273 1368 1351 Tibul-

319 1410 556 1511 lusinprima
576 1407 692 1508 elegia
712 1405 900 1508 diligebat,
914 1407 959 1482 ab
978 1407 1041 1483 illa
1066 1410 1176 1485 etiam
1194 1435 1305 1510 quam
1327 1409 1371 1484 in

318 1545 490 1647 proxima
505 1543 636 1619 misere
663 1541 867 1617 obsecravit
889 1541 897 1617 l
913 1540 1043 1642 Nuper
1064 1543 1239 1619 mobilem
1255 1544 1370 1620 modo

316 1679 478 1781 puellam
491 1677 664 1772 vidimus,
690 1675 866 1752 leviorem
892 1701 1002 1776 quam
1017 1677 1236 1776 praviorem,
1253 1677 1368 1754 semel

314 1813 526 1893 absentibus
538 1823 576 1889 et
592 1812 749 1910 conjuge
772 1821 809 1887 et
823 1821 971 1887 amante
984 1809 1146 1910 lapsam;
1161 1839 1262 1888 nunc
1283 1839 1365 1888 ver·

313 1961 436 2028 autam
446 1948 659 2042 adulteram,
668 1945 867 2020 simulandi
879 1971 920 2020 ac
933 1944 1188 2022 dissimulandi
1194 1947 1365 2046 peritam,

313 2113 405 2189 quos
419 2084 523 2162 dolos
549 2082 595 2160 ad
618 2081 821 2158 fallendum
845 2081 966 2156 virum
984 2106 1112 2157 amana
1125 2082 1365 2181 perdocuerat

311 2223 428 2322 ipsius
443 2219 600 2295 amantis
614 2218 750 2292 damno
767 2225 988 2292 vertentem.
1007 2215 1172 2294 Offendit
1188 2228 1274 2294 ante
1289 2217 1363 2295 De-

310 2356 361 2430 lia
378 2384 387 2432 ε
405 2379 505 2428 nunc
519 2362 709 2452 peccatum
721 2351 761 2424 in
775 2350 979 2450 nequitiam
995 2378 1111 2452 usque
1124 2353 1358 2430 inveteravit.

311 2487 370 2566 Ita
383 2515 420 2566 ee
434 2514 473 2564 re
485 2487 655 2579 habente,
674 2486 714 2560 in
727 2486 805 2562 el.6
828 2513 871 2562 eo
885 2486 1075 2588 zelotypiae
1090 2487 1257 2563 Tibullus
1274 2514 1361 2588 pro-

309 2624 415 2719 cedit,
429 2633 472 2698 ut
487 2648 572 2698 curn
595 2619 721 2696 mariti
734 2647 842 2696 causa
857 2646 1005 2695 causam
1022 2622 1208 2722 propriam
1229 2648 1359 2698 coneo·

308 2758 389 2854 ciet,
409 2783 504 2832 caeco
527 2754 670 2830 homini
683 2766 808 2854 aperte
827 2753 959 2854 puellae
985 2754 1130 2832 fraudes
1147 2759 1201 2854 (1)
1216 2756 1356 2833 denun·

305 2892 386 2986 tict,
406 2891 482 2966 imo
496 2916 534 2966 se
557 2887 763 2966 incredibili
786 2889 871 2986 joco
899 2887 1016 2989 lingat
1029 2915 1095 2964 sua
1117 2890 1234 2989 ipsius
1256 2891 1357 2966 furta

306 3025 483 3122 confiteri,
512 3050 551 3102 se
574 3049 702 3100 omnes
723 3046 847 3122 poenas
870 3021 965 3118 velle
991 3017 1131 3124 perpeti
1153 3024 1355 3102 dummodo

303 3161 376 3261 ipsi
384 3159 488 3238 Delia
500 3157 677 3236 servanda
687 3157 855 3232 credatur
864 3166 901 3231 et
913 3183 935 3231 a
946 3156 1167 3233 bellulorum
1171 3161 1355 3257 juvenum

305 3296 433 3395 coeptis
445 3293 671 3371 defendenda
686 3293 737 3387 (v.
759 3292 901 3387 15-42)‚
922 3290 999 3366 Nec
1016 3291 1131 3367 solam
1149 3295 1274 3370 mariti
1291 3322 1353 3370 eae·

304 3430 435 3506 vitiam
448 3428 517 3506 eibi
532 3429 573 3503 in
590 3427 774 3503 auxilium
796 3435 904 3526 vocat
909 3453 920 3517 3
934 3425 996 3500 aed
1016 3425 1178 3502 Bellonae
1194 3429 1351 3523 oracula,

304 3564 409 3663 cujus
424 3563 601 3657 eaccrdoe,
620 3562 872 3660 interrogante
898 3559 1057 3654 Tibullo,
1072 3571 1109 3637 et
1131 3560 1248 3638 Deliae
1264 3590 1351 3639 moe·

302 3697 380 3775 chia
399 3709 436 3775 et
460 3697 532 3797 ipsi
556 3696 673 3772 Deliae
687 3720 813 3796 poenae
830 3694 1010 3771 indixerit
1038 3695 1092 3794 (v.
1114 3700 1269 3796 43-56);
1288 3699 1352 3775 sed

300 3833 465 3909 vetulam
478 3841 643 3925 matrem,
657 3855 810 3906 suorum
823 3855 991 3906 amorum
1005 3832 1353 3933 consciampropter

300 3993 413 4068 quam
424 3992 539 4041 unam
553 3992 590 4042 se
605 3977 702 4042 nutae
719 3965 857 4040 iratum
872 3989 1019 4064 parcere
1031 3965 1192 4042 declarat
1214 3969 1269 4063 (v.
1285 3972 1350 4043 57-

336 4210 372 4282 (1)
390 4208 430 4263 Dc
443 4206 541 4278 puella
552 4206 640 4261 virum
651 4206 776 4260 fallentis
787 4204 902 4277 artibus,
915 4206 955 4261 ct.
970 4205 1050 4265 Ovid.
1069 4209 1192 4277 Amores,
1205 4207 1230 4276 1,
1247 4209 1274 4265 ⁶..
