3134 5104
753 627 799 640 -
826 589 871 660 90
898 630 945 642 .-

327 737 584 810 situmestrem
592 736 767 810 rusticam
776 735 1251 826 fovere,Tibullusbuoolico
1259 763 1381 835 agres-

201 951 206 958 ,
324 871 426 969 tique
448 871 571 946 studio
587 880 665 945 tam
680 869 836 946 feliciter
857 871 1041 971 indulget,
1063 883 1105 947 ut
1129 873 1296 971 quotiens
1311 884 1384 945 tu-

320 1005 441 1106 guria,
463 1030 603 1104 pecora,
628 1031 791 1097 nemora,
817 1031 972 1101 messes,
991 1007 1205 1098 vindemiae,
1234 1031 1382 1105 pagana

321 1140 412 1214 festa
427 1139 595 1232 celebrat,
628 1165 746 1214 unum
771 1137 913 1240 Vergili
922 1165 986 1215 um
1001 1140 1092 1215 mibi
1106 1166 1230 1239 parem
1245 1140 1381 1215 habere

323 1272 492 1346 videatur
504 1302 512 1347 ε
523 1273 614 1348 adeo
624 1273 722 1371 apud
736 1284 941 1372 utrumque
950 1274 1132 1371 reperitur
1146 1273 1266 1372 lepida
1278 1274 1377 1347 ruris

323 1406 485 1505 pictura,
503 1406 593 1480 adeo
619 1404 727 1481 dulce
754 1407 901 1482 rustieae
920 1407 1007 1481 vitae
1029 1408 1266 1504 praeconium,
1286 1407 1374 1481 vitae

324 1551 447 1615 autem
459 1541 631 1614 omnibus
649 1539 801 1615 feritatis
820 1541 987 1615 sordibus
1001 1552 1124 1616 exutae
1138 1551 1175 1615 et
1198 1541 1244 1614 ad
1257 1542 1375 1639 poeti·
1499 1529 1504 1550 ’

323 1699 402 1749 cam
410 1675 608 1773 quamdam
620 1675 842 1749 innocentiae
858 1675 969 1749 simul
980 1687 1017 1750 et
1028 1675 1210 1749 felicitatis
1218 1675 1376 1772 speciem

322 1799 569 1875 conformatae.
599 1798 753 1876 Necnon
783 1800 852 1877 hoc
882 1800 1021 1874 Tibulli
1054 1800 1213 1875 «flebile
1249 1801 1375 1874 nescio

322 1934 412 2034 quid
427 1958 446 2008 r
459 1935 664 2010 finitimum
674 1945 800 2010 tenero
811 1935 867 2008 illi
883 1935 1123 2034 subtristique
1142 1934 1265 2008 animo
1277 1933 1369 2008 Ver·

320 2069 399 2168 gilii
413 2070 578 2146 versibus
602 2069 725 2144 infuso
739 2099 748 2164 ;
762 2094 973 2168 quanquam
980 2070 1050 2144 hoc
1067 2070 1257 2167 discrepat,
1273 2069 1372 2168 quod

316 2201 532 2303 Vergiliana
561 2203 822 2294 misericordia,
858 2203 984 2278 alienis
1002 2202 1205 2296 hominum,
1233 2203 1374 2276 anima-

315 2333 417 2430 lium,
434 2338 510 2412 imo
541 2363 664 2412 rerum
684 2338 870 2412 laboribus
897 2338 1070 2427 excitata,
1096 2338 1134 2412 in
1161 2320 1373 2412 universam

316 2482 490 2545 naturam
531 2472 725 2561 redundat,
758 2471 908 2546 Tibullo
935 2471 1073 2569 proprii
1101 2471 1242 2545 dolores
1266 2496 1368 2546 enar-

315 2615 455 2691 rantur,
477 2631 618 2704 semper
647 2606 834 2681 amatoriis
861 2607 957 2691 curis
985 2607 1119 2680 exorti.

363 2740 475 2813 Amor
487 2740 597 2829 enim,
616 2766 699 2814 cum
722 2740 854 2838 saepius
867 2739 1010 2814 erotieis
1022 2739 1231 2813 auctoribus
1244 2740 1371 2832 tristis,

315 2885 396 2952 tum
421 2872 570 2948 Tibullo
593 2875 797 2973 praesertim
821 2874 990 2972 perennis
1014 2897 1261 2947 aerumnarum
1277 2873 1370 2947 'sons

312 3005 650 3101 habeturLuctus
678 3008 716 3080 in
740 3009 938 3108 praesentia
958 3029 1117 3107 semper;
1143 3007 1371 3100 felicitatem,

314 3140 458 3239 siquam
473 3141 544 3216 sibi
563 3142 688 3241 fingit,
706 3141 765 3216 vel
792 3142 1015 3241 praeteritam
1032 3141 1220 3235 desiderio,
1236 3140 1295 3216 vel
1311 3166 1375 3238 spe

314 3275 478 3349 futuram
490 3276 707 3374 assequitur.
723 3273 770 3349 In
782 3275 942 3351 dolendo
952 3286 1074 3351 autem
1086 3275 1223 3374 ubique
1231 3276 1370 3365 varius,

313 3433 406 3501 acer,
449 3410 633 3503 sincerus;
664 3421 701 3485 et
727 3411 812 3507 jure
840 3412 982 3509 priscus
1008 3411 1158 3509 quidam
1190 3410 1372 3484 criticus:

314 3565 333 3614 ‹1
351 3540 459 3627 Vere,
479 3542 612 3641 inquit,
627 3554 812 3618 amantem
827 3544 903 3642 agit
916 3573 925 3638 3
940 3544 1051 3618 modo
1068 3543 1249 3642 superbit,
1261 3542 1374 3616 modo

313 3675 504 3774 supplicat,
522 3677 665 3776 annuit,
690 3678 823 3771 renuit,
849 3678 1026 3770 minatur,
1052 3677 1256 3772 intercedit,
1271 3675 1372 3751 dedi·

315 3821 465 3908 gnatur,
475 3810 641 3904 devovet,
648 3822 739 3904 orat,
750 3812 963 3888 inconstans
972 3823 1039 3899 est,
1051 3812 1150 3911 quod
1162 3810 1282 3885 voluit
1296 3835 1373 3884 non

312 3945 409 4036 vult,
439 3946 538 4045 quod
561 3946 706 4044 optavit
731 3947 881 4048 refugit,
907 3973 1030 4023 secum
1051 3946 1246 4036 dissidens,
1268 3954 1311 4020 ut
1332 3944 1372 4017 in

306 4105 393 4154 vera
434 4071 616 4177 cupidinis
645 4092 726 4156 rota
752 4082 860 4156 illum
889 4081 1088 4180 circumagi
1112 4081 1237 4156 credas
1262 4079 1370 4176 (1).»

342 4249 378 4318 (Ιξ
398 4249 426 4307 J.
451 4249 484 4302 B.
505 4248 580 4318 Pius,
598 4251 700 4306 Annot.
710 4257 836 4320 poster„
849 4267 910 4322 cap.
926 4252 986 4308 115.
