3116 5104
444 1355 646 1453 CAPUT
695 1355 952 1450 PRIMUM

162 1871 253 1923 Psucs
274 1885 305 1920 ns
331 1871 434 1922 Tincam
458 1884 524 1921 vrrs.
552 1872 638 1922 Annus
665 1883 780 1920 urruns.
798 1896 830 1906 -
852 1870 1008 1920 Docuusrsrs
1032 1883 1064 1918 ns
1089 1870 1223 1924 Trsunto:

199 1954 226 2000 1ο
238 1951 357 2002 Susroun
377 1952 446 2002 Vns.
464 1979 496 1988 -
516 1949 544 1999 2⁰
562 1952 669 2001 Homru
686 1952 739 2000 (lor
756 1964 785 1998 rr
804 1950 939 1999 Errsrum.
955 1976 987 1986 -
1009 1949 1109 2000 Trsuuu
1124 1966 1223 2002 esuum

197 2046 229 2080 rr
249 2045 438 2082 molosorum.
460 2059 492 2069 -
510 2031 630 2082 Trocmos
651 2031 774 2080 Messana
795 2043 937 2079 rmnrsars
958 2043 988 2078 er
1010 2043 1035 2078 m
1052 2044 1128 2081 asmo
1150 2044 1226 2090 sour-

197 2125 287 2163 rsruco
302 2125 501 2163 componamus
515 2112 591 2176 (724).
602 2139 632 2148 -
645 2111 699 2180 Cau
709 2123 791 2160 soors
806 2124 831 2159 ru
841 2109 923 2159 Acran
937 2123 1035 2169 runcis,
1059 2124 1114 2161 uox
1129 2111 1223 2162 llousu

198 2206 320 2244 sonorus
334 2207 438 2244 arrrrrr
450 2193 515 2256 (725)
530 2211 537 2242 ι
555 2207 586 2243 so
606 2205 719 2242 rsuroau
731 2203 880 2242 coneursum
899 2204 948 2240 ουκ
970 2191 1057 2241 Dans.
1074 2218 1104 2229 —
1118 2192 1220 2243 Tnutu

200 2286 292 2334 nones,
308 2287 408 2336 srunm,
422 2286 497 2324 rsus.

220 2545 277 2623 De
303 2546 441 2621 Tibulli
479 2573 644 2646 persona,
663 2546 808 2622 omissis
834 2572 905 2646 quc
938 2547 1016 2646 ipse
1041 2547 1087 2624 de
1118 2551 1220 2627 scin

170 2682 394 2756 carminibus
408 2681 535 2773 tradit,
555 2680 774 2781 paucissima
801 2679 1005 2756 innotuere.
1021 2679 1100 2758 Nec
1112 2695 1219 2759 nata·

169 2815 244 2890 lem
273 2816 422 2915 quidem
445 2842 585 2891 annum
612 2826 710 2890 certo
737 2815 893 2907 scimus3
921 2813 1096 2891 Ovidiani
1122 2818 1222 2893 enim

170 2949 413 3050 eregamor,
428 2950 498 3050 iv,
515 2950 573 3050 10)
596 2980 605 3024 2

289 3190 456 3271 Verrilium
469 3193 531 3257 vidi
547 3200 679 3273 tantum,
693 3217 748 3261 nec
761 3218 861 3261 amara
875 3198 1003 3261 Tibullo

331 3306 463 3390 Tempus
474 3311 618 3376 amicitiae
632 3313 695 3376 fata
709 3313 817 3378 dedere
829 3334 915 3377 mese.

292 3423 445 3488 Successor
457 3427 518 3489 fuit
531 3428 582 3490 hic
597 3429 663 3507 tibi,
681 3429 782 3504 Galle3
799 3430 972 3511 Propertius
986 3427 1049 3503 illi;

332 3540 463 3620 Quartus
477 3542 514 3605 ab
526 3542 582 3607 hac
596 3547 670 3609 serie
681 3547 825 3628 temporis
838 3545 901 3628 ipsc
915 3523 972 3607 fui.

170 3787 239 3840 nos
260 3766 520 3842 tantummodo
540 3768 714 3846 docerent
738 3769 926 3843 Tibullum
948 3767 1048 3842 intra
1073 3792 1131 3841 an.
1151 3769 1220 3841 685

172 3897 222 3974 U.
241 3897 283 3974 O.
303 3898 479 3994 (natalem
506 3900 618 4001 Galli)
643 3914 681 3978 et
707 3929 767 3977 an.
789 3907 858 3979 708
882 3901 1058 4002 (natalem
1081 3899 1224 3976 circiter

173 4039 372 4141 Propertii)
388 4063 519 4120 natum
534 4047 631 4120 :nisi
650 4072 715 4146 per
730 4046 920 4146 quoddam
935 4042 1091 4118 Domitii
1109 4041 1223 4117 Marsi

171 4177 410 4276 epigramma,
436 4179 594 4255 breviori
634 4180 773 4255 Tibulli
812 4180 910 4255 Vitae
953 4177 1220 4278 praescriptum,
