3134 5104
614 583 662 598 ..
690 545 735 618 69
762 581 809 597 ...

178 764 184 791 ι
236 687 343 783 Quod
358 690 642 776 sicarmina'de
655 691 825 769 Maratho
838 693 877 774 in
902 691 1118 792 universum
1137 687 1237 788 judi.-

177 849 268 906 care
299 825 485 923 volumno,
513 853 555 904 ea
582 839 743 929 apparet,
771 828 927 905 artificio
956 825 1106 928 quidem
1122 819 1239 922 haud-

175 973 372 1061 ‚quaquam
391 960 516 1061 elegiis
534 961 579 1038 de
611 961 718 1040 Delia
731 963 896 1064 imparia,
920 941 1088 1062 sensibus
1113 969 1237 1034 tamen

182 1094 310 1176 minus
322 1095 489 1196 egregiis,
504 1097 645 1174 minore
658 1098 820 1174 caritatis
831 1099 871 1173 vi
885 1097 1020 1196 pollere
1028 1123 1039 1188 ;
1052 1095 1143 1170 item
1156 1115 1239 1192 pro·

167 1227 390 1341 ..nacionibus
427 1230 611 1331 insigniri,
625 1233 747 1309 verbis
775 1232 1074 1332 imaginibusque
1097 1223 1237 1330 ‘magis

191 1361 395 1438 libidinosis
412 1361 501 1464 (vid.
520 1365 565 1442 el.
580 1370 615 1457 8,
631 1367 755 1463 25-38,
770 1367 815 1442 el.
833 1365 1125 1464 9,55·66)'quam
1136 1360 1181 1435 fit
1194 1358 1235 1432 in

188 1507 306 1574 cetero
332 1497 493 1590 Tibullo,
507 1502 656 1578 tametsi
672 1498 717 1576 ad
735 1500 982 1579 catullianum
995 1498 1099 1580 illam
1112 1495 1236 1572 obsce·

189 1631 345 1708 nitatem
374 1659 559 1736 nusquam
573 1662 676 1712 come
689 1637 848 1738 profluat
861 1635 1066 1736 ingenium.
1085 1631 1235 1708 Utrius-

190 1768 327 1868 querci
346 1795 454 1844 causa
477 1771 641 1872 profecto
658 1772 698 1845 in
714 1772 794 1872 ipsa
815 1769 1092 1850 consuetudinis
1105 1775 1240 1841 natura

142 1989 146 1996 .
191 1908 336 1974 constat
352 1929 362 1974 ε
378 1898 430 1974 ibi
444 1899 544 1994 enim
554 1901 737 2001 cupidinis
754 1901 915 1977 stimulis
932 1901 1095 2002 agitatur
1119 1906 1237 1997 poeta,

188 2058 264 2108 non
279 2059 327 2108 ex
346 2020 471 2109 animo
493 2047 605 2111 amat.
626 2035 733 2129 Quod
759 2038 872 2113 etiam
885 2036 977 2111 mihi
1004 2031 1239 2136 singulariter

188 2194 231 2244 eo
250 2170 499 2265 confirmatur,
526 2171 622 2270 quod
639 2172 735 2247 inter
749 2183 822 2249 tres
847 2173 891 2247 de
906 2169 1073 2246 Maratha
1090 2165 1235 2267 elegias,

188 2310 306 2409 prima
333 2311 427 2385 nihil
452 2313 525 2388 fere
550 2323 682 2410 praeter
703 2313 887 2413 generalia
913 2313 958 2388 de
974 2310 1095 2412 pueris
1109 2308 1233 2399 habet,

187 2445 346 2521 secunda
367 2456 446 2522 tota
473 2459 642 2524 versatur
659 2449 699 2523 in
725 2422 886 2524 Maratlii
900 2459 936 2523 et
953 2446 1112 2522 Pholoes
1129 2468 1236 2518 amo-

168 2579 302 2673 ·ribus,
314 2606 389 2656 una
399 2582 443 2657 el.
461 2586 481 2656 9
495 2584 686 2683 proprium
699 2583 885 2659 Tibulliin
900 2608 1057 2682 puerum
1070 2579 1237 2656 ardorem

185 2715 372 2814 exprimit.
428 2709 443 2738 ⁰

237 2850 498 2927 Circitcr'idem
509 2862 667 2953 tempus,
678 2867 818 2928 amores
835 2851 1004 2951 Sulpiciae
1016 2860 1052 2926 et
1069 2848 1237 2926 Corinthi

186 2986 361 3085 (Cornuti
374 2985 406 3084 l)
440 2986 611 3063 Tibullus
634 2988 843 3063 illustrabat
866 2986 1029 3088 quinque
1060 2984 1239 3086 elegidiis,

186 3119 324 3195 scilicet
344 3119 387 3196 el.
411 3122 445 3213 2,
470 3124 503 3213 3,
528 3127 561 3215 4,
579 3127 614 3213 5,
638 3127 657 3196 6
683 3121 770 3197 libri
795 3121 865 3222 IV,
884 3120 1018 3223 quibus
1038 3107 1237 3219 adjungere

186 3254 297 3332 etiam
311 3279 376 3352 par
393 3264 449 3329 est
462 3255 507 3330 el.
535 3257 557 3328 2
582 3256 648 3331 lib.
664 3255 715 3348 II,
740 3257 780 3330 in
813 3255 970 3332 Cornuti
996 3255 1084 3334 novi
1112 3254 1236 3328 mariti
1287 3241 1289 3246 ¹

185 3388 356 3464 natalem.
370 3386 427 3464 De
442 3388 499 3464 his
526 3400 650 3465 autem
669 3391 846 3490 ampliora
863 3416 975 3490 quam
988 3414 1069 3489 quae
1089 3390 1169 3486 jam
1194 3387 1235 3460 in

188 3523 464 3622 Prolegomenis
481 3523 590 3623 attigi
600 3550 700 3600 nunc
717 3524 850 3601 addere
861 3550 937 3600 non
959 3548 1052 3623 opus
1066 3532 1135 3609 est,
1152 3531 1235 3596 tum

187 3659 272 3756 quia
301 3657 470 3733 Tibullus
498 3659 559 3734 hic
590 3658 726 3734 alienos
756 3685 897 3752 sensus,
939 3685 1014 3734 non
1052 3657 1234 3757 proprios,

188 3792 397 3880 adumbrat,
426 3802 508 3866 tum
526 3794 612 3894 quia
639 3820 758 3894 nuper
784 3794 915 3869 doctus
934 3794 992 3868 vir
1017 3792 1238 3868 Larroumet

186 3935 304 4001 totam
328 3951 406 4002 rem
426 3927 585 4003 dilucide
605 3928 813 4026 explicabat
829 3927 879 4028 (1)
899 3957 907 4003 :
938 3929 977 4001 in
998 3951 1141 4002 summa
1167 3924 1235 3999 sal·

224 4212 260 4281 (l)
276 4214 313 4266 De
328 4217 427 4282 quarto
443 4213 545 4267 Tibulli
559 4213 638 4278 libro,
655 4216 702 4270 lll.
