3116 5104
628 606 673 618 -
700 588 728 637 v
751 606 800 620 .-

192 711 284 798 cavi,
315 713 513 810 comperies
541 714 689 788 nullum
711 716 792 810 jam
816 714 964 789 Tibulli
987 741 1142 805 carmen,
1160 713 1246 788 uul-

188 844 267 917 lum
296 870 459 936 versum,
489 847 633 922 nullam
661 873 774 947 prope
803 874 934 923 vocem
967 849 1140 938 existere,
1164 873 1246 946 quae

188 1003 264 1052 non
296 980 440 1054 venerit
469 981 509 1053 in
546 983 790 1079 quaestionem
814 1008 1020 1080 ausamque
1051 981 1247 1055 contrariis

188 1111 418 1186 eruditorum
436 1115 627 1188 sententiis
645 1115 786 1190 dederit
798 1145 808 1209 3
820 1141 939 1214 neque
962 1115 1124 1212 amplius
1139 1113 1247 1187 nobis

189 1245 327 1344 aliquid
356 1247 530 1321 intentati
560 1248 796 1345 sperandum.
826 1249 955 1347 Atqui,
999 1274 1117 1347 quum
1149 1271 1246 1321 nova

188 1379 227 1452 in
255 1363 429 1454 medium
456 1382 614 1479 proferre
641 1409 877 1482 nequeamus,
906 1384 1004 1458 alius
1029 1383 1111 1480 jam
1143 1405 1245 1455 nuuc

188 1513 336 1588 videtur
358 1541 544 1613 superesse
557 1516 662 1593 labor
680 1548 688 1592 :
704 1529 748 1593 ut
771 1517 925 1592 demum
946 1517 1047 1592 inter
1066 1525 1123 1590 tot
1144 1512 1245 1588 criti·

190 1675 317 1723 corum
345 1676 451 1725 sensa
487 1651 681 1752 deligatur,
718 1651 882 1750 dispersa
925 1649 1243 1751 conglutinentur,

188 1807 276 1857 vera
294 1785 427 1883 saepius
448 1785 548 1860 falsis
568 1786 701 1860 obrute
722 1785 934 1879 eliciantur;
957 1784 1119 1882 denique
1137 1781 1246 1856 rebus

188 1916 307 1992 aliena
335 1945 445 2019 opera
475 1920 613 2018 paratis
643 1920 842 2021 effingatur
872 1920 1028 2015 integra
1054 1930 1103 2006 et,
1127 1912 1248 2013 quoad

189 2062 324 2150 potest,
350 2052 519 2128 absoluta
542 2054 735 2129 clarissimi
755 2064 872 2153 poetae
897 2053 1033 2152 figura.

238 2184 383 2285 ltaque,
402 2213 488 2262 oum
499 2187 544 2263 de
560 2187 700 2263 Tibulli
711 2200 833 2279 textu,
848 2198 933 2262 tum
948 2187 993 2262 de
1005 2186 1078 2262 fide
1090 2212 1246 2286 operum
1387 2272 1389 2274 ,

189 2345 271 2418 quae
284 2319 425 2395 Tibulli
438 2322 588 2398 nomine
602 2333 870 2421 pemotueruut
884 2322 1013 2398 brevia
1027 2321 1194 2422 quaedam
1205 2332 1247 2396 'et

188 2456 392 2530 necessaria
417 2457 602 2555 praefatus,
620 2454 719 2530 illius
748 2458 944 2557 aggrediar
972 2457 1062 2530 vitae
1088 2457 1247 2531 curricu-

188 2588 292 2681 lum;
325 2589 496 2689 deinceps
534 2591 740 2664 carminum
777 2590 889 2665 simul
922 2601 1036 2690 atque
1075 2615 1246 2664 amorum

193 2725 294 2820 (nam
322 2751 464 2814 canere,
493 2751 613 2800 amare
640 2724 793 2801 Tibullo
817 2727 890 2802 sere
917 2751 1036 2799 uuum
1061 2735 1099 2799 et
1130 2724 1241 2822 idem)

189 2885 459 2959 recognoscam
477 2870 656 2959 tempora,
670 2860 847 2954 ordinem,
859 2870 1045 2953 tenorem3
1058 2868 1245 2956 postremo

189 2992 236 3067 de
263 2993 436 3067 universa
463 2993 690 3068 Tibullianae
716 3019 865 3091 poeseos
891 2992 1013 3066 indole
1038 3002 1148 3090 atquc
1169 3000 1246 3064 arte

188 3127 316 3223 paucis
330 3126 539 3208 absolvam.
