3134 5104
623 575 818 644 ...49-

192 720 345 820 quidam
369 732 406 798 et
432 718 609 796 candidus
648 721 774 816 color3
797 721 884 797 inde
920 721 1056 798 blanda
1089 723 1242 815 somnia,

191 853 315 954 longae
336 879 417 955 spes
436 855 571 954 quibus
583 855 747 966 ‘credula
763 855 958 953 juniorum
985 856 1119 957 cupido
1143 856 1243 957 pasci

192 987 312 1084 solet3
337 987 424 1064 inde
440 1011 538 1064 mors
550 987 635 1076 laeto
650 988 772 1064 animo
800 999 997 1088 aspectam,
1012 991 1135 1068 nescio
1160 1015 1242 1090 quae

191 1149 242 1198 ex
255 1122 335 1223 ipsa
350 1133 469 1200 morte
484 1123 647 1223 quaesitae
665 1122 803 1198 deliciae
820 1122 870 1221 (v.
888 1127 933 1198 59
946 1123 1024 1225 sqq)
1044 1155 1052 1200 :

292 1321 337 1390 Ta
350 1331 481 1408 spectem
493 1345 629 1408 suprema
643 1327 718 1389 mihi
733 1346 802 1390 cum
816 1328 931 1390 venerit
945 1328 1035 1404 hora‚‘

332 1443 376 1506 Tc
390 1449 507 1508 teneam
519 1443 647 1507 moriens
661 1431 816 1506 deliciante
824 1443 931 1508 manu!

192 1649 298 1748 quasi
310 1674 507 1750 perennem
529 1649 687 1724 dominae
709 1674 871 1726 amorem
885 1662 1106 1748 mortuoque
1120 1674 1243 1749 super·

192 1784 319 1860 etitem
336 1785 473 1884 fingere
475 1787 585 1884 juvet
602 1784 610 1858 !
626 1786 680 1860 At
693 1785 741 1860 ab
759 1783 823 1858 illa
837 1784 1010 1860 funerum
1022 1784 1244 1884 cogitatione

189 1916 297 1992 facile
310 1917 357 1992 ad
373 1928 569 2016 praesentes
585 1943 643 1995 res
657 1927 767 2018 poeta
781 1917 898 1994 redit:
914 1917 1050 2017 quippe
1064 1917 1244 1996 brevitate
1316 1975 1320 1982 -

189 2051 277 2126 vitae
293 2050 422 2147 utitur,
437 2062 481 2127 ut
501 2051 646 2128 Deliam
657 2052 702 2129 ad
719 2051 967 2127 Horatiorum
983 2052 1078 2127 illud
1098 2077 1116 2128 u
1135 2078 1242 2152 carpe

189 2185 289 2261 diem
303 2208 337 2282 a,
352 2186 397 2260 ad
427 2186 691 2286 capessendum
707 2213 819 2286 quam
840 2187 1015 2263 citissime
1038 2186 1241 2286 voluptatis

189 2321 355 2396 fructum
368 2320 497 2398 incitet
512 2349 524 2397 a

292 2515 423 2593 Interea,
436 2516 513 2578 dum
528 2518 593 2579 fata
606 2516 721 2589 sinunt,
738 2517 900 2598 jungamus
913 2535 1064 2581 amores...

240 2730 287 2805 In
303 2730 347 2808 el.
359 2733 395 2822 2,
413 2731 551 2807 Tibulli
570 2730 822 2831 blandiloquio
838 2732 1031 2830 paululum
1057 2733 1239 2809 ausculta·

188 2867 287 2940 visse
300 2864 405 2941 Delia
420 2866 569 2940 videtur
584 2896 592 2940 :
616 2866 710 2940 clam
724 2866 877 2942 fortasse
892 2867 1002 2962 adita,
1017 2878 1243 2943 nocturnum

190 3026 428 3100 congressum
442 3000 633 3099 promisit3
652 3000 728 3086 sed,
748 3001 817 3075 etsi
829 3001 939 3100 longe
950 3002 1106 3078 maritus
1123 3003 1239 3090 obest,

191 3160 328 3211 usaeva
350 3134 553 3211 custodiar>
576 3133 707 3234 puellae
730 3134 850 3207 limini
872 3134 1053 3236 apposita,
1077 3136 1240 3212 clausam

190 3267 353 3344 fervidus
374 3269 524 3368 juvenis
542 3269 700 3344 offendit
708 3269 877 3367 januam.
900 3269 999 3344 Hinc
1019 3294 1037 3344 u
1056 3272 1146 3346 novi
1173 3271 1237 3346 do·

189 3401 283 3479 lorea
298 3427 317 3478 a
331 3403 373 3478 in
388 3404 508 3504 primo
526 3430 635 3480 versu
649 3403 824 3502 expressi,
836 3415 873 3479 et
886 3404 1041 3480 infelicis
1055 3405 1238 3505 cupidinis

190 3564 299 3638 sopor
312 3539 433 3615 multo
446 3539 535 3614 vino
552 3541 740 3639 quaesitus.
754 3537 881 3615 Cetera
898 3538 1011 3639 elegia
1028 3539 1067 3613 in
1086 3541 1241 3617 formam

186 3678 461 3772 παρακλαυσιθύρου
485 3674 633 3749 condita
645 3684 711 3770 est,
728 3673 827 3772 quod
842 3683 925 3771 apte
938 3674 1091 3772 quidem
1104 3702 1241 3775 praepa·

185 3807 290 3883 rabat
314 3809 564 3884 antecedentis
588 3808 633 3883 el.
646 3833 684 3882 v.
705 3809 752 3883 56
781 3835 825 3880 2«
846 3806 953 3881 sedeo
978 3808 1089 3882 duras
1099 3809 1237 3908 janitor

188 3952 274 4018 ante
281 3942 381 4042 sorec
394 3975 409 4011 u
421 3955 458 4019 et
471 3971 506 4018 u.
516 3947 560 4018 it
573 3968 614 4041 sq
629 3971 639 4018 z
654 3965 672 4016 c
687 3941 853 4039 frangere
861 3953 973 4040 postea
988 3967 1064 4017 non
1076 3944 1191 4042 pudet
1203 3968 1237 4020 n.

189 4075 332 4151 Duram
346 4103 433 4178 ergo
447 4079 602 4176 januam
619 4074 788 4151 Tibullus
803 4100 903 4150 nunc
926 4075 1113 4168 iracunde,
1133 4103 1233 4154 nunc

190 4211 403 4309 suppliciter
432 4214 577 4288 affatur.
609 4209 711 4306 Mon,
738 4234 914 4284 converso
941 4211 986 4283 ad
1002 4209 1145 4286 Deliam
1167 4239 1239 4288 ser·
