3116 5104
762 611 808 624 ..
838 571 884 644 28
911 611 958 625 -

338 719 459 818 risque
486 719 642 818 spoliata
671 731 750 795 est:
779 721 878 820 quod
906 721 985 820 ipse
1005 723 1140 821 saepius
1158 722 1197 796 in
1225 721 1386 796 carmine

336 863 516 928 memorat
530 880 538 926 ε

452 1085 523 1148 Non
537 1103 595 1166 ego
606 1085 725 1148 diuitias
734 1089 859 1171 potrum
880 1085 1054 1167 fruotusque
1067 1083 1185 1166 requiro

532 1199 613 1279 Quos
624 1200 695 1262 tulit
704 1199 830 1281 antiquo
841 1199 963 1262 oondita
974 1199 1079 1264 messis
1089 1217 1158 1270 avo,

455 1317 552 1380 Parva
565 1336 647 1398 segor
659 1316 732 1380 satis
743 1323 824 1381 est...
841 1316 882 1398 (1)

330 1547 400 1623 Vel
414 1547 550 1624 ibidem
568 1577 577 1623 ε

447 1760 511 1826 Vos
525 1762 743 1843 quoquosalaa‘s
760 1761 915 1841 quondum,
929 1778 1007 1822 aaut
1013 1760 1156 1840 pauperis
1171 1760 1237 1840 agri

486 1877 642 1955 Custodes,
656 1877 741 1972 fertis
752 1897 876 1940 munera
892 1882 1001 1950 vestra,
1018 1875 1121 1940 Lares.

324 2100 455 2176 Postea
467 2112 605 2193 tamen,
624 2102 700 2176 sive
710 2102 763 2178 rei
777 2101 964 2176 familiario
979 2111 1118 2200 partem
1130 2101 1371 2200 recuperavit,

325 2235 402 2310 sive
424 2261 522 2310 nova
534 2237 713 2335 largiente
732 2237 850 2312 amico
868 2235 1025 2312 Messala
1048 2247 1179 2311 nactus
1195 2247 1263 2328 est,
1281 2261 1298 2308 u
1318 2234 1373 2307 di·

322 2368 423 2442 vitiae
441 2393 473 2463 a,
489 2381 532 2445 ut
543 2381 669 2446 monet
682 2370 875 2466 Horatius,
897 2370 1042 2446 Tibullo
1054 2370 1304 2471 contigerunt,
1321 2393 1373 2442 eae

323 2503 453 2578 saltem
466 2529 549 2603 quae
562 2506 692 2582 decent
706 2505 853 2607 poetam
871 2535 881 2582 ε

427 2723 429 2729 ’
525 2735 654 2798 mundus
668 2736 836 2800 vietusnon
848 2736 1003 2800 deficiente
1013 2754 1156 2799 crumena
1166 2737 1219 2817 (ἓ).

367 2967 538 3044 Ceterum
582 2969 768 3069 singulare
808 2970 878 3044 hoo
920 2971 960 3043 in
994 2971 1131 3067 juvene
1177 2979 1365 3057 notamus,

314 3127 505 3202 nunquam
533 3102 686 3208 Caesaris
706 3104 1010 3198 benevolentiam,
1029 3102 1077 3177 ad
1107 3103 1226 3177 vicem
1244 3125 1365 3200 aequa-

313 3235 405 3309 lium
423 3247 624 3334 poetarum,
651 3236 821 3337 Vergilii,
851 3237 1009 3332 Horatii,
1035 3247 1218 3336 captasse3
1251 3235 1364 3309 nullae

314 3369 413 3467 apud
427 3396 512 3449 eum
533 3372 699 3471 Augusti
726 3371 865 3458 laudes,
884 3371 997 3445 nullae
1021 3370 1243 3446 Maeoenatis.
1267 3369 1364 3446 Satis

313 3503 443 3579 habuit
454 3505 588 3580 nobilis
603 3508 673 3581 viri
688 3507 826 3582 Valerii
840 3505 1006 3582 Messalae
1028 3506 1180 3582 Corvini
1193 3505 1312 3604 gratia
1326 3515 1363 3579 et

313 3639 463 3714 caritate
499 3641 661 3739 perfrui:
684 3668 793 3741 quem
808 3642 996 3718 consulem
1019 3641 1159 3717 factum
1185 3667 1246 3714 an.
1278 3643 1299 3714 7
1302 3641 1361 3732 23,

312 3773 425 3850 altera
445 3775 663 3852 imminente
689 3803 864 3878 agrorum
887 3776 1096 3876 partitione,
1123 3776 1246 3851 forsan
1265 3773 1361 3848 adie-

309 3918 440 3983 rat-
469 3911 500 3984 si
531 3910 681 4010 quidem
709 3912 787 4011 ipse
828 3910 1016 4010 putandus
1048 3919 1104 3984 est
1142 3907 1364 4008 Panegyrici

345 4151 443 4225 (nal.
466 4154 490 4223 1,
509 4157 576 4223 1,v,
588 4156 621 4209 41
648 4172 708 4225 sqq.

343 4243 383 4315 (2)
403 4246 489 4314 spat.
507 4245 531 4312 Ι,
548 4246 575 4310 4,
591 4263 619 4303 v,
636 4247 679 4304 ll.
