3134 5104
729 450 925 522 ..32-

300 599 380 700 pori
389 599 591 690 obnoxius,
603 599 806 696 voluptatis
816 599 979 698 impense
989 600 1151 698 cupiens,
1161 598 1351 672 suitamen

298 738 446 830 'compos
460 743 497 806 et
520 733 565 806 ad
593 732 663 806 alia
686 759 831 832 quoque
855 734 977 808 studia
1001 744 1181 825 attentus,
1210 730 1351 806 nedum
1432 750 1438 765 ⁶

297 867 403 942 nobis
417 867 751 967 nuncreferatquae
767 869 884 945 effuso
911 870 1033 945 animo
1058 869 1103 944 de
1125 867 1240 961 Delia,
1265 893 1349 966 quae
1457 939 1466 954 ,
1563 854 1564 884 ’

296 999 392 1077 elato
405 1001 451 1076 de
474 1001 630 1100 Glycera
647 1003 834 1102 quondam
857 1005 1019 1080 canebat.
1042 1003 1165 1102 Ipsius
1183 1001 1349 1078 Nemesis

296 1161 452 1236 persona
466 1161 550 1210 cum
570 1135 639 1211 hoc
662 1161 761 1211 novo
787 1137 926 1211 Tibulli
947 1138 1075 1213 habitu
1099 1137 1236 1236 oppido
1265 1162 1348 1210 con·

295 1272 397 1371 gruit
412 1301 421 1346 ε
437 1296 552 1369 rapax
565 1271 629 1344 illa
643 1281 698 1347 est
711 1283 748 1346 et
763 1297 889 1371 aspera
904 1273 1091 1364 meretur,
1118 1298 1200 1370 quae
1225 1270 1348 1368 palam

296 1431 444 1503 corpore
459 1416 642 1504 quaestum
657 1405 757 1497 lacit,
776 1417 922 1504 poetam
946 1433 1033 1482 vero
1054 1405 1200 1505 egregia
1214 1405 1345 1491 forma,

299 1539 545 1638 «loquacibus
558 1539 674 1613 oculis
694 1564 726 1634 a,
742 1540 949 1615 libidinosis
969 1566 1113 1639 quoque
1127 1537 1267 1613 artibus
1284 1537 1345 1611 de·

294 1675 461 1749 vinetum
475 1673 623 1749 retinet.
646 1669 887 1750 Etnonnulla
906 1676 950 1750 de
969 1673 1136 1750 Nemesis
1151 1674 1229 1748 vita
1242 1674 1348 1747 inve·

294 1810 451 1884 niuntur
484 1809 582 1909 apud
616 1807 820 1903 Tibullum,
849 1811 983 1909 quibus
1010 1811 1201 1884 feminam
1220 1833 1346 1883 revera

294 1942 461 2017 extitisse
472 1954 617 2017 constat
630 1974 638 2017 ε
653 1970 734 2042 quae
746 1945 861 2019 fertur
870 1958 906 2021 et
914 1945 1135 2020 habitavisse
1150 1970 1233 2018 oum
1244 1942 1345 2041 puel-

292 2076 368 2150 lula
383 2102 517 2167 sorore,
528 2077 728 2152 immaturo
740 2081 926 2178 quondam
939 2080 1076 2172 funere,
1090 2103 1174 2153 cum
1187 2077 1346 2151 fenestra

291 2210 606 2309 praecipitaVisset,
635 2212 857 2311 interempta
878 2213 934 2312 (el.
965 2217 998 2306 6,
1015 2240 1052 2286 v.
1072 2211 1212 2308 asa-40),
1243 2220 1279 2283 et
1302 2210 1344 2282 in

291 2342 430 2418 deliciis
454 2344 579 2418 haberi
605 2372 626 2418 a
653 2373 774 2421 crasso
796 2360 831 2422 et
858 2347 1052 2446 pecunioso
1079 2346 1240 2435 homine,
1259 2370 1341 2419 con·

291 2478 433 2552 dicione
447 2478 678 2554 olimservili
698 2481 755 2578 (el.
773 2487 805 2574 3,
838 2509 874 2556 v.
907 2487 951 2556 59
982 2483 1070 2580 sq),
1107 2505 1341 2578 quamsaepe

291 2612 448 2710 coegerit
514 2629 516 2634 ’

390 2852 517 2913 Barbara
531 2863 671 2933 gypsatos
684 2856 760 2916 ferre
775 2865 888 2917 catasta
907 2856 1004 2936 pedes.

337 3152 426 3244 Quae
440 3182 527 3230 vero
544 3160 723 3256 supremis
745 3161 802 3232 his
828 3160 966 3234 Tibulli
995 3160 1179 3235 amoribus
1203 3159 1339 3234 fuerint

285 3287 572 3380 vicissitudines
588 3318 634 3365 ex
648 3293 777 3366 ordine
793 3293 896 3368 facile
911 3319 1121 3392 prosequar.
1178 3391 1181 3399 Ι

334 3420 394 3496 El.
413 3427 448 3516 1,
468 3424 594 3522 primae
610 3424 726 3500 libriI
744 3454 786 3502 eo
800 3428 1002 3502 consimilis
1019 3429 1118 3526 quod
1135 3428 1223 3502 item
1244 3427 1337 3501 circa

282 3555 457 3630 rusticam
470 3559 599 3650 vitam,
624 3559 827 3656 Messalam,
843 3589 1004 3637 amorem
1024 3563 1134 3636 simul
1153 3573 1332 3653 versatur,

281 3687 448 3763 Nemesis
462 3694 647 3770 mentione
676 3707 784 3770 caret.
816 3699 869 3772 At
893 3722 1072 3795 posquam
1095 3695 1334 3770 Ambarvalia

280 3824 509 3923 agrestisque
528 3831 686 3904 numina
707 3831 876 3905 Tibullus
892 3831 1116 3929 amplissime
1137 3830 1332 3904 celebravit

281 3964 335 4052 (v.
355 3957 467 4054 1-66),
484 3960 627 4060 adquae
644 3966 799 4038 subfine
817 3967 928 4040 etiam
947 3967 1117 4038 carminis
1135 3965 1184 4060 (r.
1203 3963 1330 4056 83-90)

279 4093 487 4182 revertitur,
504 4097 721 4172 transitione
739 4099 783 4172 ad
798 4099 1018 4197 Cupidinem
1032 4100 1139 4182 facta,
1160 4099 1223 4197 qui
1241 4122 1259 4170 s
1275 4096 1330 4168 di·
