3134 5104
747 581 796 592 -
822 539 867 612 54
893 579 942 592 ...

319 669 581 776 simultatibus,
608 686 672 762 ubi
699 688 808 761 laesus
850 715 871 762 a
895 687 1061 778 laedente,
1088 687 1206 762 fidelis
1226 684 1271 760 ab
1299 683 1370 755 in-

317 797 396 890 fida
407 817 663 897 veniam-solet
687 833 822 921 petere.
847 821 894 896 In
911 822 955 898 el.
972 821 1135 921 digitur,
1151 818 1245 894 nihil
1269 815 1376 891 aliud

322 973 434 1046 quam
451 961 571 1030 tentat
593 980 721 1031 omnes
743 957 871 1056 gratiae
885 955 1162 1032 reconciliandae
1178 954 1278 1027 vias:
1294 929 1375 1025 sive

322 1084 563 1181 pristinarum
589 1090 827 1189 voluptatum
855 1090 1078 1166 desiderium
1095 1087 1227 1191 puellae
1249 1085 1373 1184 injicit

320 1203 377 1313 (ν.
396 1221 417 1292 7
431 1220 521 1320 sq.);
540 1222 616 1298 sive
630 1219 893 1300 commemorat
905 1235 996 1324 quot
1006 1223 1102 1301 curis
1114 1222 1285 1320 votisque
1297 1219 1371 1293 De·

321 1349 410 1426 liam
431 1352 521 1430 olim
534 1358 584 1452 (1)
611 1353 900 1434 «tristimorbo
926 1357 1104 1434 defessam
1122 1387 1138 1425 a
1168 1353 1375 1430 restituerit

321 1481 374 1582 (v.
391 1489 514 1584 9-16);
528 1489 605 1567 sive
618 1492 755 1591 profert
779 1487 952 1568 bucolicae
977 1493 1065 1568 vitae
1087 1489 1371 1578 oblectamenta,

322 1619 428 1717 cuju·
437 1619 540 1699 illam
551 1626 768 1726 participem
780 1626 857 1702 fore
869 1627 938 1704 sibi
951 1626 1127 1727 fingebat,
1143 1624 1323 1700 messibus
1337 1635 1377 1699 et

323 1753 528 1852 vindemiae,
544 1762 665 1858 pecori
677 1772 713 1836 et
725 1762 848 1836 vernis
862 1762 1113 1860 praefuturam,
1125 1770 1258 1836 cuncta
1272 1758 1377 1832 domi

323 1879 545 1988 curaturam,
556 1917 639 1970 caro
654 1895 765 1970 etiam
780 1894 945 1970 Messalae
957 1896 1101 1971 cdulcia
1111 1917 1245 1995 pomer>
1259 1894 1374 1969 lectu-

321 2049 402 2100 ram
412 2025 464 2124 (v.
478 2029 612 2127 19·36).
625 2029 715 2106 Haec
736 2031 861 2106 omnia
882 2041 1098 2130 prosecutus
1123 2030 1257 2130 quibus
1270 2037 1378 2103 tener

319 2162 466 2238 animus
522 2164 773 2266 benefactique
820 2191 961 2241 memor
1006 2165 1222 2246 delaniatus
1264 2189 1377 2264 porro

319 2297 428 2394 coepit
447 2300 500 2394 (2)
515 2300 692 2396 majorem
707 2301 982 2376 miserationem
1006 2300 1124 2376 faeere
1151 2299 1377 2375 ostentando

320 2431 551 2529 aegritudinis
589 2460 663 2508 suae
692 2435 770 2509 vim
797 2462 839 2510 ac
862 2435 1100 2535 pervicaciam
1127 2437 1178 2531 (v.
1214 2436 1372 2529 37-44):

322 2564 459 2665 quippe
482 2569 641 2643 remedia
659 2571 792 2645 amoris
814 2571 949 2646 frustra
965 2567 1100 2645 dicitur
1113 2570 1153 2644 in
1169 2569 1257 2645 vino
1272 2591 1368 2668 quae-

324 2698 463 2793 sivisse,
478 2727 566 2776 nam

536 2881 619 2943 dolor
633 2882 665 2943 in
681 2882 815 2944 lacrimas
836 2887 967 2944 verterat
978 2901 1067 2945 omne
1079 2900 1194 2944 merum
1207 2906 1215 2953 ;
1244 2947 1247 2950 ,

322 3076 458 3153 frustra
469 3079 507 3152 in
515 3079 713 3179 volgivago
722 3075 888 3174 libidine,
898 3075 984 3156 narn
997 3107 1082 3155 cum
1095 3079 1231 3179 gaudia
1245 3079 1374 3172 adiret,

524 3266 695 3329 Admonuit
709 3267 839 3329 dominae
851 3267 1041 3348 deseruitque
1057 3267 1170 3331 Venus.
1223 3283 1230 3294 ·

359 3480 400 3556 (l)
423 3479 499 3535 Nihil
514 3487 555 3536 est
573 3481 714 3551 indagia,
731 3480 804 3535 unde
825 3480 972 3556 concludas
991 3486 1053 3551 post
1080 3496 1218 3536 reversum
1236 3475 1375 3534 Tibullum

324 3567 411 3623 Deliae
426 3570 548 3626 morbum
562 3572 701 3636 evenisse;
718 3571 789 3640 quod
805 3571 831 3628 S.
842 3571 950 3625 Teuffel
969 3570 1088 3626 etmulti
1102 3570 1150 3625 elii
1164 3569 1311 3640 affirmant,
1324 3585 1375 3640 ego

320 3673 450 3728 perquam
470 3659 653 3732 improbabile
677 3661 814 3716 arbitror:
831 3665 897 3714 tunc
916 3660 989 3714 enim
1013 3660 1112 3729 Deliae,
1129 3676 1192 3716 cum
1212 3659 1270 3730 jam
1292 3676 1374 3731 penes

319 3742 433 3801 divitem
446 3754 595 3804 amatorem
608 3755 688 3820 esset,
705 3749 832 3804 Tibullus
846 3749 942 3805 adesse
956 3767 1011 3806 non
1026 3751 1171 3822 potuisset.

356 3837 397 3908 (2)
409 3838 477 3892 Inde
491 3840 518 3908 (a
533 3858 559 3894 v.
574 3839 608 3896 37
630 3860 641 3892 r
657 3841 735 3911 Saepe
751 3857 803 3910 ego
818 3840 957 3899 tentavi...
975 3842 1010 3911 a)
1025 3840 1163 3910 scaligero
1184 3839 1268 3909 lubet,
1296 3843 1371 3908 post·

315 3941 397 3995 quam
420 3925 547 3982 ultimam
569 3929 603 3984 el.
625 3930 642 3984 2
663 3936 769 4002 partem
790 3929 952 3983 translatam
979 3930 1075 3985 huicce
1101 3928 1198 4000 elegiae
1221 3926 1373 3997 interjecit,

318 4018 424 4069 textum
445 4016 608 4073 abscindere
630 4035 662 4072 ac
686 4035 785 4074 novum
802 4024 920 4072 statuero
942 4035 1051 4074 carmen
1069 4019 1142 4075 :imo
1156 4034 1191 4072 ne
1205 4016 1247 4072 illi
1261 4016 1370 4086 quidem

318 4104 477 4174 fragmento
501 4105 598 4178 patuit,
622 4125 684 4163 cum
698 4125 746 4163 sex
764 4106 875 4162 ultimos
895 4125 990 4164 versus
1013 4109 1042 4163 in
1056 4108 1092 4168 el.
1114 4108 1130 4162 6
1149 4123 1234 4178 usque
1252 4104 1374 4175 rejiciat.

321 4191 479 4250 Istiusmodi
494 4197 594 4264 crisim,
611 4196 656 4252 vel
668 4196 757 4268 potius
770 4195 945 4267 domentiam,
961 4197 1104 4252 confutare
1118 4214 1172 4251 non
1187 4213 1254 4267 opus
1269 4201 1320 4252 est.
