3134 5104
513 595 517 602 .
628 545 823 614 -55-

250 689 400 790 Ergone
415 699 521 788 putens
535 691 684 789 perfidae
713 691 858 791 puellae,
882 702 959 767 tam
986 692 1078 767 acris
1101 693 1249 792 angoris

198 825 1249 926 causae‚poetamsuscenserelNihilminuszsedenim,quo

195 960 300 1034 niam
320 959 595 1034 amantissimus
606 961 761 1062 quisque
771 960 914 1036 mavult
935 961 1070 1058 alienas
1096 986 1153 1036 res
1172 960 1247 1036 cul·

195 1119 411 1194 parc,quam
426 1081 500 1169 suae
511 1093 642 1193 puellae
649 1095 874 1189 vitium‚iras
888 1111 1014 1172 omnes
1026 1094 1193 1170 Tibullus
1207 1095 1247 1168 in

199 1257 224 1328 c·
234 1229 389 1304 divitem
398 1240 597 1308 amatorem
610 1262 640 1326 a,
655 1231 700 1304 in·
715 1260 731 1297 κ
741 1230 912 1306 callidam
925 1230 1048 1306 lenam
1063 1261 1079 1298 »
1095 1229 1248 1324 derivat,

198 1362 294 1438 hanc
311 1362 390 1438 dira
420 1363 566 1440 lacessit
593 1365 845 1442 exsecratione
874 1367 927 1461 (v.
945 1365 1086 1463 49-58),
1106 1353 1180 1460 illi,
1210 1361 1250 1437 in

199 1507 367 1571 extremo
377 1497 992 1595 carmine(v.69·*76)‚subobscuris
1004 1497 1125 1573 verbis
1138 1479 1253 1574 mina·

200 1641 263 1704 tur
278 1631 400 1706 nescio
423 1632 479 1729 cuj
484 1657 529 1706 us
543 1632 669 1707 rivalis
683 1632 836 1708 insidias
852 1633 906 1730 (1)
922 1662 930 1706 ε
945 1632 1042 1706 inter
1055 1642 1254 1730 utrumque

201 1773 325 1840 autem
350 1766 489 1841 inserto
501 1767 671 1866 pauperis
686 1767 845 1842 amantis
858 1767 1051 1865 praeconio,
1074 1765 1253 1841 submisse

202 1896 317 1974 Deliae
333 1899 476 1977 laborat
494 1901 710 2000 persuadere
726 1904 778 1998 (v.
797 1904 925 1997 59-66)
948 1901 1059 2002 longe
1073 1901 1253 2000 potiorem

200 2003 279 2109 esse
291 2032 439 2111 homine
452 2062 652 2112 nummoso
663 2047 831 2113 tenerum
849 2036 1137 2135 officiosumque,
1156 2023 1254 2134 quass

201 2165 616 2266 lisipseest,juvenem.
1246 2145 1248 2164 ’

252 2300 371 2394 Quem
384 2303 529 2379 exitum
546 2303 714 2379 habuerit
727 2303 792 2378 illa
819 2303 865 2378 el.
885 2307 905 2376 5
922 2301 1139 2402 deprecatio,
1156 2313 1255 2378 certo

202 2438 394 2512 novimus:
409 2463 536 2512 rursus
558 2435 1000 2514 amormiserocblandos
1012 2435 1150 2511 obtulit
1170 2433 1253 2510 ‘vul-

202 2586 264 2647 tus
283 2596 315 2666 a,
334 2584 500 2671 permota
512 2572 620 2648 Delia
632 2599 670 2648 se
683 2571 833 2648 Tibullo
846 2572 1024 2646 restituit.
1042 2569 1172 2670 Ecqua
1189 2595 1254 2646 au·

203 2716 280 2781 tem
298 2705 438 2802 mulier,
458 2704 607 2781 semele
631 2717 729 2781 recta
746 2707 806 2782 via
820 2704 996 2802 digressa,
1015 2728 1163 2804 peccare
1186 2682 1253 2776 unss

203 2863 314 2936 quam
343 2838 520 2915 desuefiat
538 2839 671 2914 lDum
700 2881 751 2894 -
777 2849 834 2914 sat
862 2837 1001 2932 multis,
1024 2836 1148 2929 credo,
1169 2845 1255 2934 post

191 2972 390 3047 ‘mensibus
434 2959 489 3032 ·—'
512 2972 596 3048 el.6
634 2973 818 3065 conditur,
859 2972 983 3048 mariti
1006 2972 1089 3070 jam
1122 2970 1258 3045 reversi

203 3104 376 3181 Tibullus
392 3106 582 3183 familiaris
598 3108 885 3208 evasit,ideoque
899 3117 942 3182 ut
959 3105 1060 3180 lubet
1074 3105 1114 3180 in
1128 3077 1252 3191 amica

239 3477 275 3551 (1)
291 3477 391 3534 Sensus
410 3478 455 3534 hic
474 3479 591 3535 habetur
612 3497 723 3552 anceps.
745 3481 783 3534 ·In
801 3497 829 3539 v.
845 3480 880 3535 57
897 3479 970 3534 enim
990 3477 1073 3548 vulgo
1085 3477 1255 3548 leguntmea

201 3569 262 3636 totu
285 3585 334 3638 pro
357 3567 480 3623 codicum
498 3587 558 3626 mea
576 3572 664 3639 furta.
686 3570 739 3634 Qui
752 3576 843 3624 tamen
861 3570 941 3637 furta
955 3584 1064 3623 servare
1076 3568 1192 3637 malunt,
1207 3583 1256 3638 per

202 3656 280 3712 illum
292 3677 305 3707 c
319 3657 463 3727 quemdam
472 3661 549 3730 »,.qui
563 3680 574 3712 ι
591 3677 646 3714 non
657 3659 762 3714 frustra
773 3658 801 3712 in
814 3657 910 3712 limine
924 3661 1029 3729 perstat
1039 3656 1156 3728 idpsum
1166 3654 1257 3722 Tibul·

203 3742 260 3799 lum
282 3731 419 3820 dtpqeian
436 3743 616 3818 'designatum
635 3748 801 3818 intellegunt
816 3767 823 3802 ε
838 3746 908 3816 quod
936 3746 1068 3801 subacuto
1091 3743 1187 3800 lectori
1201 3751 1257 3798 non

201 3834 330 3902 multum,
349 3853 410 3890 mea
430 3837 576 3909 sententia,
595 3837 727 3910 placebit
752 3838 803 3892 Est
824 3835 933 3906 quidem
956 3835 1085 3890 Tristium
1105 3835 1180 3888 locus
1203 3833 1254 3906 (ΙΙ,

202 3939 230 3978 v.
246 3924 308 3997 469)
320 3925 368 3980 ubi
384 3925 497 3982 Ovidius
515 3927 558 3982 his
572 3927 693 3982 versibus
710 3925 809 3980 alludit
820 3931 949 3994 tanquam
962 3925 996 3979 ad
1011 3923 1149 3978 Tibullum
1170 3920 1254 3992 perti·

203 4013 332 4070 nantibus
345 4034 351 4070 :
364 4015 411 4070 sed
426 4033 480 4070 non
500 4017 539 4071 ita
555 4033 638 4088 grave
651 4013 743 4073 Ovidii
768 4014 965 4080 testimonium,
978 4014 1033 4084 qui,
1052 4012 1142 4082 credo,
1156 4009 1254 4066 Tibul-

204 4099 292 4158 lianos
311 4119 403 4159 versus
431 4105 587 4161 memoriter
608 4103 745 4177 perhibuit
773 4109 801 4158 et
830 4120 939 4160 sensnm
961 4102 1043 4158 etism
1064 4099 1175 4155 arbitrio
1203 4113 1252 4153 suo

203 4192 293 4264 potnit
305 4199 420 4252 mutare.
