3116 5104
732 612 928 682 ...16-

309 758 381 833 bile
407 757 568 832 videtur.
588 757 634 831 In
664 785 808 833 summa
829 760 875 836 de
900 760 1097 862 Lygdamo
1118 759 1189 834 hoc
1214 767 1364 833 tantum

309 892 446 968 scimus
467 921 477 968 ε
496 892 674 989 juvenem
702 892 813 968 fuisse
838 893 884 968 de
909 904 1005 969 coetu
1026 891 1206 987 Messalae,
1229 890 1365 968 Ovidio

310 1036 417 1100 aetate
441 1050 575 1124 parem,
595 1025 737 1099 Tibulli
765 1025 1034 1121 admiratorem,
1058 1026 1291 1101 mediocriter
1308 1025 1363 1097 in-

309 1158 529 1258 geniosum3
551 1159 658 1257 cujus
686 1184 752 1235 sex
780 1159 904 1260 elegiae
931 1157 1039 1236 editae
1072 1161 1148 1235 sint
1179 1184 1366 1234 unacum

311 1291 516 1369 tibullianis
539 1303 576 1370 et
606 1293 973 1393 pseudotibullianis
994 1321 1076 1394 quae
1093 1295 1158 1370 lib.
1175 1291 1232 1368 IV
1251 1292 1366 1368 conti-

310 1437 464 1503 nentur.

359 1695 471 1772 Liber
497 1694 559 1770 ille
584 1693 642 1769 IV
671 1695 794 1796 primo
832 1697 968 1772 obtutu
1002 1690 1216 1772 inconditus
1242 1695 1367 1771 contir-

313 1855 447 1933 susque
484 1828 689 1904 admodum
724 1830 888 1905 videtur.
913 1827 1043 1906 Oritur
1067 1856 1088 1904 a
1112 1829 1272 1904 carmine
1295 1830 1366 1903 211

312 1965 479 2040 versibus
498 1963 728 2038 hexametris
760 1973 965 2052 constante,
995 1964 1054 2038 cui
1078 1962 1369 2062 «Panegyricus

316 2098 480 2174 Messalae
497 2097 668 2174 »titulus
695 2107 752 2172 est
772 2126 782 2173 ε
799 2098 892 2174 rude
914 2098 1022 2175 valde
1045 2124 1086 2173 ac
1103 2098 1243 2196 puerile
1256 2125 1367 2196 opus·

314 2234 451 2323 culum,
466 2232 566 2332 quod
600 2231 769 2330 plerique
794 2231 905 2325 docti,
931 2231 1072 2333 Heyne,
1098 2231 1217 2324 ¹Bach‚
1233 2231 1368 2307 Palda·

312 2392 406 2459 mus‚
419 2364 563 2460 Dissen,
574 2364 801 2459 Lachmann,
809 2362 1028 2465 Hertzberg,
1039 2364 1179 2464 Haupt,
1200 2363 1367 2462 Mueller,

314 2499 500 2593 Baehrens,
516 2524 674 2598 quorum
690 2509 911 2599 argumenta
925 2525 1044 2598 nuper
1056 2498 1106 2574 H.
1123 2498 1301 2599 Hartung
1315 2499 1367 2600 (1)

315 2632 441 2709 sedulo
466 2631 713 2731 recolligebat,
742 2630 894 2707 Tibullo
918 2631 1143 2729 abjudicant,
1177 2633 1285 2732 pauci
1313 2644 1368 2708 ta-

312 2792 399 2841 men
421 2765 682 2841 Tibullianum
717 2766 959 2860 contendunt,
983 2767 1167 2865 praecipue
1193 2766 1366 2867 Scaliger,

312 2899 423 2991 Voss,
445 2900 613 3000 Gruppe,
633 2899 789 2992 Teuffel,
806 2928 897 3000 quos
915 2901 960 2977 F.
978 2900 1125 2977 Hankel
1138 2902 1179 2976 in
1193 2901 1369 2977 distincto

312 3035 435 3110 libello
454 3035 519 3134 (2),
543 3033 586 3111 G.
613 3033 836 3110 Larroumet
854 3035 952 3133 apud
972 3059 1040 3109 nos
1060 3033 1109 3134 (3)
1131 3029 1246 3111 secuti
1265 3046 1365 3109 sunt.

313 3167 396 3244 Mea
409 3195 496 3245 vero
522 3169 723 3262 sententia,
738 3168 784 3244 lis
802 3194 844 3244 ea
866 3181 922 3244 est
945 3195 1037 3268 quae,
1052 3170 1169 3243 firmis
1184 3169 1370 3268 utrimque

311 3303 565 3379 deficientibus
598 3303 840 3402 argumentis,
869 3329 1064 3402 nunquam
1090 3303 1214 3378 dirimi
1247 3313 1367 3403 queat.

311 3436 395 3512 Hoc
418 3463 538 3511 uuum
565 3463 614 3512 ex
641 3448 723 3512 tota
748 3437 1033 3537 discerptatione
1057 3449 1166 3512 teneo
1191 3448 1364 3513 certum:

308 3571 585 3671 Panegyricum
621 3597 753 3647 revera
787 3597 847 3646 an.
880 3575 949 3647 723
988 3570 1155 3648 Messalae
1199 3560 1398 3646 oblatum

311 3733 403 3800 esse,
434 3732 681 3807 nequaquam,
715 3717 758 3781 ut
779 3705 911 3806 Heyne
938 3707 1148 3800 arbitratur,
1178 3732 1199 3780 a
1224 3706 1368 3781 rhetore

308 3840 435 3940 aliquo
471 3840 688 3940 posterioris
721 3841 791 3916 favi
827 3841 1053 3918 scholasticae
1091 3839 1370 3916 exercitationis

342 4090 380 4162 (1)
394 4092 434 4146 De
455 4090 627 4162 Panegyrico
638 4091 675 4146 ad
691 4090 842 4148 Messalam
852 4092 1148 4162 pseudo-Iltulliano,
1159 4090 1270 4161 Lipsiae,
1285 4088 1366 4150 1880.

345 4181 380 4252 (2)
395 4180 436 4236 De
446 4182 614 4252 Panegyrico
627 4183 657 4236 in
669 4181 813 4236 Messalam
825 4179 993 4248 Tibulllaaa
1007 4179 1073 4252 Hal.
1085 4180 1160 4250 Sax,
1177 4180 1255 4239 1876.

338 4267 377 4340 (3)
389 4271 427 4324 De
442 4274 541 4341 quarto
566 4269 669 4324 Tibulli
689 4269 770 4339 libro,
788 4267 907 4339 Parisiis,
924 4269 1005 4328 1882.
