3116 5104
631 583 828 653 ..19-

201 728 336 805 natelis
359 734 492 834 agitur,
522 731 688 810 Cornuto
706 756 726 806 c
746 730 811 806 fidi
845 731 972 805 uxoris
996 753 1172 804 amores»
1188 754 1253 828 op·

203 872 334 938 tantur
347 876 384 942 et
405 866 537 942 ludens
554 876 669 941 cante
691 875 776 939 tuos
796 862 905 938 turba
921 863 1067 939 novella
1081 861 1191 962 pedes
1208 885 1252 938 r:

203 1021 297 1094 qua,
316 999 437 1093 credo,
451 1026 567 1100 quum
598 999 806 1096 disrumpat
831 997 1030 1098 elegiarum
1043 997 1089 1071 de
1104 992 1254 1072 Nemesi

87 1111 100 1120 “
202 1130 381 1226 ordinem,
398 1144 505 1209 extra
519 1158 629 1207 suurn
645 1132 769 1208 locum
783 1131 888 1206 nobis
907 1141 974 1206 est.
993 1128 1091 1223 Quid
1105 1129 1253 1230 igitur?

203 1263 369 1360 Cornuti,
391 1265 721 1343 Cerinthinomina
746 1292 858 1366 quam
884 1266 1022 1366 optime
1052 1263 1251 1364 quadrant.

200 1397 336 1477 Nonne
367 1402 565 1478 verisimile
589 1413 646 1478 est
662 1401 715 1500 (1)
730 1401 901 1478 eumdem
920 1401 1113 1498 juvenem,
1134 1398 1254 1498 primo

202 1533 373 1633 Sulpiciae
392 1547 592 1630 amantem,
616 1536 759 1636 poetico
782 1536 933 1615 nomine
963 1531 1143 1624 Cerinthi,
1162 1559 1253 1608 mox

203 1657 375 1758 Sulpieiae
390 1663 567 1737 maritum
580 1689 668 1738 vero
682 1689 723 1738 ac
745 1663 885 1736 siucero
899 1660 1126 1760 appellatum
1140 1685 1219 1734 esse
1235 1659 1253 1734 l

200 1791 262 1868 Ita
274 1793 424 1870 illorum
441 1795 611 1896 Sulpiciae
626 1823 807 1884 amorum,
824 1797 863 1871 in
877 1795 1100 1871 carminibus
1115 1793 1180 1868 lib.
1195 1792 1252 1867 IV

197 1926 629 2026 imperfectorum,finem
640 1931 701 2005 hic
710 1931 942 2006 haberemus:
947 1931 1070 2028 justas
1084 1925 1248 2027 nuptias.

249 2059 438 2162 Quidquid
459 2063 500 2138 id
525 2075 595 2159 est,
612 2064 658 2140 de
682 2065 848 2164 priorum
880 2063 1086 2139 carminum
1100 2071 1248 2136 auctore

195 2194 265 2270 vix
278 2196 528 2272 dubitandum
542 2210 629 2292 erat,
645 2198 737 2275 adeo
757 2199 906 2273 Tibullo
937 2199 1050 2297 digna
1072 2196 1248 2272 videntur

195 2339 233 2404 et
249 2329 458 2407 Tibulliano
473 2333 592 2408 colore
608 2334 731 2433 plena.
751 2332 859 2426 Quod
876 2330 984 2409 etiam
1005 2333 1168 2408 fatentur
1182 2330 1245 2430 qui

195 2463 312 2540 critici
342 2466 469 2541 eadem
496 2467 645 2544 Tibullo
671 2469 885 2563 detrahunt,
907 2469 977 2543 hoc
998 2492 1131 2566 nempe
1150 2464 1245 2562 obji-

193 2598 354 2674 cientes:
378 2626 527 2699 poeseos
545 2602 623 2678 vim
646 2602 699 2678 ibi
717 2603 914 2703 objectioam
936 2602 993 2701 (ut
1019 2603 1137 2696 aiunt)
1157 2624 1246 2692 esse,

192 2733 294 2831 quod
318 2736 415 2834 apud
429 2736 621 2814 Tibullum
638 2740 719 2814 fieri
735 2765 811 2814 non
833 2739 948 2813 soleat
965 2767 975 2830 ;
993 2738 1098 2838 quasi
1112 2746 1244 2835 poetae,

193 2869 330 2968 quippe
343 2871 402 2944 cui
415 2897 495 2946 mos
511 2873 559 2948 sit
573 2873 739 2972 proprios
760 2899 889 2949 sensus
904 2873 1124 2972 exprimere,
1139 2871 1244 2968 inge·

191 3003 298 3076 nium
325 3004 427 3079 etin
457 3004 585 3081 alienis
618 3009 804 3084 amoribus
835 3009 945 3084 semel
972 3031 1140 3083 exercere
1168 3030 1244 3079 non

191 3135 299 3212 liceat
317 3138 327 3212 l
349 3137 491 3214 Forsan
510 3150 547 3215 et
570 3139 724 3217 haerebit
747 3142 879 3242 aliquis
900 3143 940 3217 in
957 3138 1121 3216 hocloco
1135 3138 1214 3214 el.3
1230 3167 1239 3212 ε

402 3441 521 3522 Argner
534 3449 605 3508 anie
618 3444 698 3526 ipsas
710 3445 902 3507 concubuisse
914 3445 1028 3525 plagas,

189 3618 423 3720 stupebitque
448 3624 548 3722 quod
578 3626 743 3724 superbae
763 3649 781 3698 c
798 3625 901 3702 Servi
924 3627 1010 3702 filiae
1034 3628 1240 3729 Sulpiciaea

188 3760 266 3826 tam
278 3766 450 3851 proterva
461 3758 575 3834 verba
587 3786 608 3834 a
621 3761 772 3836 Tibullo
780 3762 919 3859 juvene
931 3763 1157 3842 tribuantur.
1172 3763 1243 3840 Sed

226 3981 263 4058 (1)
272 3982 325 4040 Sed
337 4000 392 4040 nou
403 3990 462 4043 tem
470 3993 575 4045 certum
582 3984 663 4062 quam
669 3992 868 4051 G.Larroumet
878 3994 1003 4054 affirmat.
1011 3996 1171 4052 Corinthum
1180 4013 1241 4053 esse

188 4088 283 4128 verum
298 4074 418 4132 Graeculi
427 4094 537 4150 nomen,
548 4081 640 4152 plures
651 4089 693 4139 sat
702 4084 868 4140 credibiliter
880 4085 1097 4154 contenderuut3
1112 4091 1141 4140 et
1154 4085 1242 4140 fateor

189 4177 306 4232 graecam
319 4164 504 4224 adulescentis
521 4171 654 4241 originem
668 4189 723 4227 non
740 4173 812 4228 male
828 4191 979 4246 congruere
997 4191 1061 4229 cum
1079 4173 1239 4244 quibusdam

189 4250 328 4306 amatoria
341 4251 415 4311 illins
429 4256 533 4312 fabulae
548 4259 765 4321 condicionibus.
