3116 5104
628 555 675 568 ...
704 518 749 588 37
776 553 825 568 ..

213 668 327 766 gratis
339 667 563 766 imaginibus
578 675 739 740 mentem
758 663 942 740 oblectent
959 693 967 738 :
983 660 1086 760 atqui
1099 656 1264 734 Messalae

213 792 307 866 nihil
320 803 464 890 poterat
489 817 568 867 esse
583 791 799 889 jucundius,
816 814 927 890 qnam
943 811 1113 863 revocare
1124 809 1263 860 memo·

213 927 306 1003 riam
325 927 371 1001 ad
384 927 607 1027 longinquas
624 952 707 1002 oras
731 925 796 1000 ubi
827 925 995 999 Romana
1011 920 1164 1020 imperia
1177 944 1260 1022 ges·

214 1074 323 1153 serat,
343 1062 436 1136 nihil
454 1062 689 1162 potissimum
702 1085 814 1160 quam
825 1058 985 1134 Niliacas
999 1056 1081 1132 illas
1094 1055 1262 1156 regiones

212 1197 337 1270 animo
362 1196 532 1288 revisere,
551 1223 633 1296 quae
652 1207 743 1271 tunc
765 1195 951 1270 Romanas
972 1201 1115 1267 mentes
1140 1199 1261 1265 tanto·

213 1356 297 1428 pere
326 1330 584 1428 percellebant,
602 1331 648 1406 de
661 1330 796 1429 quibus
831 1329 945 1405 dubio
972 1325 1100 1428 procul
1122 1325 1201 1424 ipse
1223 1323 1263 1398 in
1384 1379 1386 1384 ,

213 1465 416 1539 amicorum
430 1465 566 1540 circulo
580 1465 691 1541 etiam
705 1476 816 1564 atque
830 1464 941 1540 etiam
963 1461 1147 1539 fabulatus
1162 1469 1240 1534 erat
1252 1481 1263 1553 3

211 1624 329 1697 neque
346 1610 441 1676 certe
454 1627 536 1700 quae
550 1599 725 1676 Tibullus
741 1600 899 1675 addebat
909 1598 955 1673 de
974 1597 1119 1672 viarum
1133 1594 1264 1669 muni-

213 1733 378 1808 tionibus
402 1734 586 1832 praeconia
615 1732 780 1809 Messalae
804 1731 1036 1808 mediocriter
1056 1729 1261 1830 placebant.

213 1866 345 1967 Itaque
369 1869 461 1969 eleg.
483 1867 513 1963 I,
535 1872 569 1955 7,
591 1869 744 1968 picturis
768 1868 904 1967 alioqui
930 1863 1165 1966 lepidissimis
1191 1862 1262 1936 dis·
1288 1940 1296 1957 ‚

211 2001 342 2089 tincta,
374 2028 441 2077 nec
468 2003 669 2103 quidquam
696 2003 807 2078 habet
839 2000 1059 2100 Panegyrioi
1085 1998 1262 2074 vitiorum

214 2135 345 2222 simile,
363 2162 430 2211 nec
444 2137 599 2212 maturis
622 2117 763 2212 Tibulli
786 2137 892 2212 annis
913 2134 1068 2234 indigna
1086 2132 1259 2207 videtur:

212 2271 281 2345 etsi
309 2271 467 2346 concedo
480 2273 706 2371 poematium
718 2273 800 2363 hoc,
817 2299 881 2372 per
901 2270 1128 2346 occasionem
1149 2266 1260 2366 scrip-

211 2415 303 2500 tum,
320 2407 441 2482 forsan
453 2406 577 2481 minus
592 2418 756 2483 accurate
767 2407 958 2482 Tibullum
968 2404 1160 2505 polivisse3
1174 2401 1263 2476 item

212 2540 400 2615 rhetoricis
423 2543 553 2640 figuris
574 2585 619 2596 -
639 2553 681 2617 ut
702 2545 746 2618 fit
769 2543 939 2642 quotiens
960 2539 1121 2616 materiae
1145 2537 1263 2612 tenui·
1366 2641 1368 2648 Α

212 2686 288 2752 tate
299 2701 374 2774 non
394 2677 600 2751 sustinetur
615 2677 801 2775 scriptoris
824 2677 1018 2777 ingenium
1030 2718 1079 2731 -
1100 2671 1262 2771 singula·

212 2809 301 2884 riter
323 2809 479 2884 abusum
507 2838 608 2887 esse:
639 2812 702 2888 sed
725 2823 871 2912 poetam
899 2810 1057 2885 existere
1087 2806 1262 2883 continuo
1348 2815 1350 2820 “

212 2943 281 3018 sibi
296 2969 434 3041 parem,
449 2945 531 3043 quis
550 2946 749 3021 contendat
769 2947 785 3019 ?

259 3078 465 3153 Redeamus
482 3079 527 3156 ad
542 3080 634 3181 eleg.
648 3079 678 3176 l,
696 3085 754 3156 10.
773 3079 859 3155 Non
877 3078 998 3154 solum
1013 3077 1108 3152 hanc
1125 3075 1261 3150 scimus

210 3212 336 3311 elegiis
348 3204 393 3289 de
406 3215 512 3290 Delia
520 3217 678 3314 priorem
691 3217 772 3291 ideo
784 3242 876 3307 esse,
890 3215 975 3314 quia
990 3212 1260 3287 adulescentem

210 3347 350 3422 indicat
368 3349 484 3423 amori
509 3361 651 3442 natum,
673 3351 786 3424 nullis
810 3361 934 3424 tamen
956 3347 1090 3423 amoris
1117 3347 1258 3446 experi-

212 3482 347 3557 mentis
366 3484 583 3582 praeditum3
609 3512 738 3561 verum
753 3485 863 3560 etiam
876 3483 987 3584 paulo
999 3492 1083 3557 ante
1098 3482 1261 3580 Aquita-

212 3617 335 3692 nicam
352 3619 636 3718 expeditionem,
653 3621 691 3693 id
711 3632 765 3695 est
784 3621 934 3694 ineunte
949 3619 1075 3716 (juxta
1094 3628 1265 3692 nostrum

215 3751 463 3852 ratiocinium)
480 3780 539 3828 an.
561 3757 642 3848 724,
669 3753 843 3853 scriptam
872 3779 893 3826 a
918 3752 1093 3828 Tibullo:
1121 3751 1188 3826 vix
1208 3761 1265 3825 est

211 3886 311 3961 enim
329 3888 429 3986 quod
451 3889 555 3964 aliter
571 3915 608 3965 v.
625 3893 669 3963 15
689 3888 962 3988 interpreteris:

290 4101 382 4162 Nunc
395 4102 427 4162 iu
440 4103 516 4163 bella
531 4103 640 4179 trahor,
656 4111 685 4165 et
704 4103 766 4181 jam
782 4103 848 4183 quis
863 4101 989 4164 forsitan
1005 4101 1135 4163 hostis...
