3134 5104
625 562 822 633 ..65-

192 713 417 792 redametur.
439 710 511 788 Hie
533 721 658 788 autem
679 737 802 786 rerum
812 709 962 786 habitus
981 703 1158 806 superiori
1177 702 1246 778 ele·

192 847 266 950 gire
278 847 441 948 quodam
454 846 565 924 modo
576 845 798 945 respondet:
821 843 911 920 alias
928 842 988 939 (el.
1006 847 1040 938 4,
1053 867 1093 915 v.
1108 840 1168 928 77,
1183 834 1244 934 81)

199 1011 218 1050 ιι
235 982 476 1082 spernebatur
489 1013 505 1052 ιι
530 981 714 1074 Tibullus,
738 1009 754 1046 ιι
782 978 1011 1079 torquebat»
1042 971 1243 1065 Marathus,

193 1142 296 1193 nune
311 1117 373 1216 (el.
389 1121 423 1212 8,
436 1117 472 1194 ν’.
493 1120 552 1213 55,
565 1117 628 1215 49)
649 1146 665 1182 ιι
681 1115 868 1216 spernitur
884 1145 901 1183 ιι
921 1110 1121 1206 Marathus,
1145 1107 1244 1184 Pho-

193 1248 252 1326 loe
269 1249 324 1346 (1)
340 1277 358 1316 ιι
371 1259 520 1351 torquet
537 1280 571 1322 ιι.
586 1247 658 1325 Illa
670 1247 859 1324 fastidiosa
870 1256 926 1323 est
943 1244 1112 1346 quaedam
1128 1266 1244 1318 mere·

194 1383 288 1477 trix,
322 1409 404 1484 quae
435 1409 520 1460 cum
550 1383 663 1460 semel
699 1408 815 1483 puero
847 1407 993 1457 summa
1029 1376 1246 1455 concesserit

197 1519 252 1614 (v.
267 1520 316 1594 25
330 1519 415 1619 sq.),
426 1518 506 1616 jam
517 1506 695 1594 miserum
712 1515 854 1616 respuit
867 1526 904 1593 et
914 1515 1053 1609 irridet,
1073 1539 1116 1590 eo
1128 1511 1247 1589 acrius

196 1650 375 1728 brevioris
388 1653 532 1729 veneris
546 1652 796 1729 recordatione
814 1653 1047 1752 flagrantem.
1076 1646 1246 1723 Tibullus

197 1785 326 1886 igitur,
349 1785 447 1862 inter
470 1796 670 1886 utrumque
689 1811 821 1886 gerens
844 1783 1013 1861 benevoli
1023 1781 1166 1858 lenonis
1189 1781 1246 1856 vi-

197 1945 286 2015 cem,
302 1945 370 1995 suo
383 1944 496 2021 puero
512 1919 674 2019 puellam
689 1920 881 1996 conciliare
891 1918 1041 1994 nititur:
1050 1927 1247 2018 postquam

195 2054 382 2155 perditum
415 2052 575 2130 Marathi
601 2081 762 2131 amorem
773 2051 1029 2130 miserabiliter
1053 2051 1246 2150 descripsit

196 2191 248 2285 (v.
267 2186 381 2284 1-26),
402 2188 586 2292 deprecari
608 2193 661 2287 (v.
684 2191 812 2288 27-78)
833 2188 999 2285 Pholoen
1021 2212 1070 2263 ne
1087 2187 1245 2262 «cariori

194 2349 285 2399 auro
295 2322 459 2423 juveni»
476 2324 635 2400 difficilis
661 2333 818 2421 maneat,
840 2324 874 2400 ei
899 2322 1112 2399 deliciarum
1125 2321 1243 2397 brevi·

195 2459 324 2543 tatem,
356 2447 516 2525 Marathi
529 2477 675 2550 quoque
693 2461 927 2527 venustatem
940 2449 1107 2549 allegare,
1125 2447 1244 2523 Mara·

194 2583 574 2685 thimollesquerelas,
598 2586 662 2686 qui
676 2617 692 2654 ιι
703 2586 892 2688 quondam
904 2585 1057 2663 ludebat
1068 2592 1242 2678 amantes,

193 2745 295 2796 nunc
303 2745 432 2796 omnes
452 2720 533 2796 odit
545 2721 662 2796 fastus
674 2753 691 2790 »
717 2733 755 2798 et
767 2721 929 2797 clausam
947 2721 1050 2820 luget
1070 2720 1239 2817 januam.

195 2853 362 2930 Tandem
372 2881 544 2954 supremo
555 2855 713 2933 disticho
726 2858 851 2934 futura
862 2854 1050 2932 renuentis
1065 2852 1242 2929 desideria

193 2989 418 3090 lepidissime
438 2992 679 3072 nuntiantur:

358 3231 402 3296 At
415 3235 445 3296 te
458 3251 548 3315 poene
561 3223 676 3308 manet,
691 3232 725 3296 ni
735 3230 848 3297 desinis
860 3250 922 3297 esse
935 3232 1084 3318 superba:

395 3346 494 3426 Quam
502 3347 604 3432 cupies
616 3348 696 3414 rotis
703 3348 787 3413 hune
794 3367 933 3414 revocare
942 3348 1022 3414 diem
1034 3346 1042 3413 l

229 3597 266 3672 (l)
281 3597 384 3654 Existit
398 3596 481 3655 etiam
493 3598 522 3655 in
535 3598 659 3672 pluribus
674 3600 783 3657 Horatii
805 3601 871 3657 loeis
893 3601 955 3674 (οἀ.
971 3600 996 3674 Ι,
1013 3600 1063 3671 333
1079 3600 1121 3672 11,
1138 3600 1241 3672 53111,

194 3686 239 3761 15)
257 3685 358 3744 Pholoe
372 3688 463 3760 aliqua
481 3688 590 3760 puells3
606 3707 699 3760 quam,
714 3707 776 3745 eum
791 3713 806 3743 ιι
821 3700 917 3763 aspera
932 3711 947 3742 ιι
961 3697 990 3746 st
1011 3712 1024 3742 ι
1039 3691 1127 3762 fugax
1143 3710 1155 3744 r
1169 3689 1246 3746 dies·

191 3781 247 3846 tur,
262 3776 327 3833 hnic
341 3777 444 3834 Tibulli
455 3779 559 3835 Pholoe
569 3779 679 3850 quidam
696 3780 854 3836 assimulare
868 3781 1032 3837 voluerunt:
1049 3781 1169 3854 inanem,
1185 3798 1248 3836 mea

193 3866 338 3937 sententia,
352 3866 451 3939 lusum,
466 3885 583 3940 namque
597 3886 677 3924 nemo
689 3869 778 3924 nescit
797 3869 869 3941 apud
884 3870 1031 3927 Horatium
1045 3870 1132 3926 multa
1145 3869 1246 3925 mulie-

191 3958 371 4012 rumnomins
384 3955 454 4012 nulli
465 3975 588 4029 personae
606 3959 845 4029 certaeassignari3
860 3964 889 4015 et
899 3967 1042 4032 praeterea,
1052 3959 1082 4014 in
1094 3957 1247 4030 deligendis

190 4045 290 4117 graecis
302 4045 451 4102 amicarum
469 4048 669 4119 cognomentis,
684 4065 797 4104 neeesse
810 4055 853 4104 est
867 4048 1056 4120 utaliquando
1068 4047 1138 4104 varii
1156 4053 1245 4119 poetae

194 4133 310 4189 fortuito
323 4135 510 4192 convenerint.
526 4137 606 4193 Idem
620 4135 655 4193 de
667 4136 773 4208 Neaera,
795 4137 829 4194 da
849 4137 987 4207 Cerinth0,
1004 4136 1164 4196 Horatianis
1178 4153 1240 4208 per·

195 4223 277 4296 sonis,
293 4223 572 4284 animadvertendum.
