3116 5104
760 554 931 623 ..6.-

310 721 469 795 quorum
483 724 702 776 consensum
721 701 887 778 litteraO
912 703 1148 804 significavit,
1163 704 1258 778 nihil
1277 704 1364 779 fidei

313 829 469 928 singulis
482 832 601 908 inesse
615 835 807 934 profitens.

363 963 452 1040 Tres
464 967 504 1040 hi
514 967 655 1044 codices
668 969 715 1044 ab
727 971 926 1071 archetypo
940 931 1127 1048 communi
1138 972 1187 1072 (Y
1199 974 1237 1048 in
1253 985 1360 1049 stem·

313 1104 440 1202 mate),
453 1105 630 1204 pluribus,
646 1110 764 1204 cred0,
792 1113 1014 1212 apographis
1041 1113 1279 1212 interpositis,
1299 1137 1363 1211 pa-

313 1240 403 1314 riter
413 1242 487 1316 orti
499 1254 598 1337 sunt,
608 1269 726 1344 neque
739 1245 792 1320 ita
801 1257 897 1322 certe
909 1259 953 1322 ut
965 1246 1044 1322 bini
1055 1248 1154 1322 inter
1162 1272 1201 1321 se
1212 1247 1364 1322 arctiore

311 1372 463 1451 vinculo
475 1377 710 1454 cohaererent.
734 1377 844 1471 Quod
870 1380 1020 1455 enimsi
1045 1383 1160 1488 fieret,
1190 1406 1363 1456 nonnun-

310 1534 422 1606 quam
447 1510 552 1584 testis
574 1536 671 1586 unus
694 1512 870 1588 adversus
893 1514 1001 1590 binos
1028 1525 1143 1590 testes
1173 1525 1363 1613 peccantes

309 1640 636 1719 exhiberetverum
646 1647 745 1745 quod
761 1649 971 1747 conjectura
978 1650 1120 1749 attingi
1134 1674 1211 1723 non
1225 1659 1361 1748 posset.

311 1774 382 1852 Sed
396 1777 665 1878 ubicumqueA
680 1792 807 1857 contra
818 1780 894 1874 Bc,
911 1782 1084 1857 Bcontra
1096 1779 1177 1877 AO,
1192 1780 1221 1857 G
1236 1791 1363 1856 contra

311 1910 379 1985 AB
396 1911 483 1987 facit
495 1912 595 2010 (vide
607 1914 779 2013 exempla
797 1915 895 2014 apud
910 1915 1139 2010 Rothstein),
1171 1916 1224 1990 rei
1250 1915 1361 1990 ratio·

309 2071 395 2120 nem
408 2046 520 2122 habes
531 2047 571 2121 in
587 2048 781 2124 doctorum
791 2049 972 2124 Italorum
986 2049 1219 2146 conjecturis.
1233 2046 1361 2146 Sequi-

310 2190 374 2255 tur
383 2191 457 2257 tres
478 2181 612 2259 classes
626 2209 752 2282 parem
773 2184 887 2259 ferme
900 2184 1156 2259 auctoritatem
1167 2173 1312 2276 babere,
1325 2192 1363 2256 et

310 2314 374 2388 ubi
388 2315 470 2390 duae
489 2316 663 2392 lectiones
676 2329 882 2412 occurrant,
895 2344 1052 2418 quarum
1072 2328 1205 2392 neutra
1231 2342 1296 2416 per
1322 2340 1361 2390 se

309 2449 459 2525 evidens
484 2451 545 2542 sit,
574 2477 655 2526 eam
679 2453 976 2560 anteponendam
995 2478 1073 2528 esse
1095 2477 1178 2551 quae
1202 2451 1360 2525 duorum

308 2583 477 2660 codicum
500 2612 680 2662 consensu
706 2587 861 2664 nitatur.

574 2811 589 2878 ἓ
610 2825 648 2870 111.
667 2825 702 2865 nr
720 2826 917 2867 aammsurrs
936 2824 1081 2866 corrosus.

356 2983 405 3081 (a.
431 2982 527 3058 Cum
544 2982 718 3059 AEmilius
738 2982 914 3058 Baehrens
930 2982 1071 3057 codices
1091 2977 1358 3056 Lachmannia·

308 3113 367 3186 nis
412 3113 638 3212 antiquiores
686 3113 912 3211 jamdudum
941 3111 1195 3211 perquireret,
1241 3109 1360 3208 primo

313 3247 438 3347 (1876)
453 3247 546 3324 duos
561 3248 714 3340 invenit,
730 3247 1015 3322 Ambrosianum
1031 3245 1127 3322 circa
1147 3247 1253 3337 1374,
1283 3241 1357 3315 Va·

307 3381 472 3456 ticenum
499 3392 660 3458 exeunte
683 3407 763 3456 saec.
777 3403 849 3456 x1v
869 3391 1058 3456 exaratos:
1093 3378 1252 3478 optimas
1278 3376 1357 3475 qui·

307 3514 391 3591 dem
406 3517 562 3611 chartas,
592 3540 660 3591 nec
674 3526 876 3591 ceterarum
889 3515 1006 3590 instar
1025 3537 1045 3590 c
1065 3510 1357 3612 interpolatrices

305 3649 502 3725 doctorum
515 3648 698 3726 Italorum
709 3676 842 3725 manus
852 3659 1023 3749 expertas
1039 3672 1075 3724 n.
1087 3647 1207 3741 Quare
1219 3645 1356 3744 profec-

304 3797 344 3862 to
359 3786 404 3860 de
419 3784 563 3860 Tibulli
588 3785 790 3861 editoribus
807 3785 899 3860 bene
919 3783 1055 3859 meruit
1080 3782 1269 3870 Baehrens,
1294 3780 1356 3856 sed

305 3919 403 3995 idem
416 3919 575 3994 nimium
600 3919 792 4018 gloriatur,
808 3945 924 4019 quum
936 3916 1150 3993 inventione
1163 3942 1229 3990 sua
1239 3914 1355 3989 Lach-

306 4053 544 4129 mannianam
567 4054 691 4129 crisim
716 4053 884 4129 funditus
902 4051 1017 4128 everti
1039 4059 1177 4126 narrat.
1207 4047 1358 4124 Etenim

311 4189 494 4264 adtextus
506 4189 663 4264 formam
681 4215 793 4287 quam
806 4189 1010 4264 Vaticanus
1027 4187 1090 4263 ille
1103 4197 1140 4261 et
1154 4183 1359 4284 praesertim
