3134 5104
594 614 642 625 ..
671 575 714 645 79
741 613 790 626 -

167 726 233 799 rit:
244 750 329 798 cum
343 749 431 798 vero
444 749 520 799 non
531 721 624 798 alius
638 724 686 798 sit
694 725 865 798 carminis
878 723 981 798 locus
994 721 1059 796 uhi
1073 720 1218 796 easdem

166 882 343 957 queamus
356 856 540 951 collocare,
557 858 723 956 sequitur
739 867 782 931 ut
793 856 1077 956 interpolatione
1093 854 1218 954 aliqua

166 990 395 1090 huicelegiae
409 990 556 1065 insertae
573 990 661 1065 sint.
689 990 884 1066 insolitam
906 1001 1028 1065 autem
1050 990 1161 1064 habes
1180 988 1218 1061 in

166 1121 289 1224 priore
303 1125 513 1224 parenthesi
531 1125 834 1230 ‘interpolamenti
860 1137 1050 1201 naturam:
1068 1126 1098 1197 si
1121 1122 1219 1200 enim

167 1259 417 1358 fragmentum
430 1260 529 1359 quod
553 1285 573 1334 a
596 1287 632 1336 v.
649 1262 695 1334 23
715 1260 761 1335 ad
775 1287 813 1334 v„
833 1265 879 1335 38
897 1259 1221 1360 patetdih'genter

168 1394 390 1492 inspexeris,
402 1393 472 1468 hoc
487 1392 685 1492 comperies
699 1394 927 1493 lepidissimo
940 1394 1026 1470 stilo
1041 1395 1220 1492 scriptum

169 1526 454 1627 Tibullianoque
466 1527 669 1603 charactere
684 1529 917 1629 insignitum,
927 1528 1038 1604 simul
1053 1528 1219 1603 animad-

169 1675 290 1740 vertes
304 1664 431 1738 eadem
446 1662 519 1737 fere
533 1689 613 1761 quae
628 1662 746 1737 fusius
761 1664 820 1738 hic
839 1675 948 1762 atque
961 1663 1128 1739 bucolico
1142 1690 1222 1739 ma·

169 1801 228 1900 gis
238 1824 339 1874 more
352 1824 525 1898 expressa
540 1799 624 1890 sint,
635 1797 745 1895 paulo
758 1798 853 1872 infra
865 1802 917 1894 (v.
932 1799 1056 1896 55-62)
1070 1799 1219 1892 iterum,

172 1945 210 2009 at
225 1934 372 2008 brevius
380 1932 720 2032 vehementiusque,
739 1933 949 2032 significari.
970 1931 1069 2025 Quid
1077 1933 1222 2033 igitur?

171 2080 318 2169 oportet
331 2069 376 2142 ad
389 2069 485 2142 hanc
500 2067 985 2146 conclusioneminducaris:
1004 2068 1163 2167 longum
1178 2069 1222 2144 de

172 2225 246 2298 quo
261 2198 386 2299 agitur
397 2199 655 2296 fragmentum.
667 2223 742 2270 non
756 2223 834 2272 esse
848 2197 1002 2272 litterati
1026 2198 1223 2296 cujuslibet
1324 2304 1328 2310 ¹

171 2335 445 2434 interpolatoris
469 2359 572 2432 opus,
595 2334 656 2406 sed
686 2333 833 2431 abipso
858 2333 1040 2431 proficisci
1059 2333 1220 2423 Tibullo,

173 2471 238 2570 qui
252 2470 475 2544 sententiam
484 2470 603 2568 primo
616 2469 673 2542 his
687 2468 798 2567 elegis
816 2469 1038 2568 explicatam
1052 2470 1223 2568 deinceps

173 2607 278 2680 aliter
297 2616 451 2679 tractare
466 2603 648 2695 maluerit,
668 2604 826 2701 priorem
847 2629 933 2679 vero
947 2605 1169 2702 scripturam
1184 2606 1224 2679 in

173 2750 339 2815 extrema
361 2739 493 2814 scheda
515 2737 715 2836 reliquerit.
746 2735 852 2831 Item,
876 2740 946 2812 etsi
971 2738 1096 2814 minus
1122 2765 1219 2838 pers·
1301 2725 1303 2730 ¹

173 2877 280 2975 picua
291 2901 348 2950 res
361 2885 429 2964 est,
446 2898 511 2971 pro
524 2872 776 2947 additamento
800 2871 986 2947 habendos
1007 2898 1084 2947 esse
1099 2877 1220 2974 suspi-

175 3036 245 3104 cor,
263 3011 338 3083 sive
351 3008 562 3082 Tibulliana
577 3006 693 3104 orig0,
708 3005 784 3078 sive
797 3005 914 3079 aliena
929 3018 1140 3106 reputatur:
1155 3009 1224 3084 ele·

172 3146 243 3244 giae
261 3143 537 3219 lversussa-ea
550 3143 722 3232 et51·60;
736 3139 781 3213 el.
795 3145 815 3212 3
829 3167 865 3213 v⁴
881 3145 991 3215 41-46
1009 3142 1106 3216 :elb'
1122 3171 1158 3216 v.
1179 3146 1224 3217 23

174 3307 228 3377 sq.
246 3279 354 3354 Unde
368 3279 437 3370 hoc
451 3277 496 3351 de
520 3274 660 3351 librili
688 3275 905 3349 formatione
927 3277 966 3349 in
992 3303 1136 3352 summa
1160 3304 1226 3376 po·

173 3440 259 3490 nere
278 3414 376 3503 licet,
399 3413 533 3511 elegias
557 3411 725 3485 nondum
741 3410 913 3483 omnibus
940 3413 1103 3486 numeris
1126 3413 1226 3487 abso·

174 3545 1035 3646 lutascollegisseeditores;rejectaneaquaedam
1044 3546 1225 3645 vel(quod

174 3685 292 3782 aiunt)
309 3685 437 3758 incerta
457 3682 534 3757 sede
554 3707 635 3779 quse
654 3680 693 3752 in
718 3679 859 3754 schedis
884 3680 1103 3755 Tibullianis
1118 3682 1224 3781 lege-

174 3817 310 3890 bantur
330 3815 533 3890 carminum
554 3811 692 3896 textui,
711 3821 797 3883 utut
820 3821 983 3906 possent,
1005 3811 1203 3888 inseruisse
1214 3844 1224 3908 ;

174 3950 361 4024 interdum
388 3949 498 4021 etiam
508 3949 702 4043 juncturas
725 3968 791 4016 suo
818 3955 934 4018 marte
955 3944 1139 4019 addidisse
1154 3945 1221 4044 (1).

211 4163 249 4234 (1)
263 4162 297 4216 In
312 4161 346 4215 el.
364 4163 380 4216 5
396 4160 522 4214 videlicet
546 4157 674 4212 Baehrens
690 4171 744 4208 uon
757 4155 872 4208 absurde
888 4157 1002 4226 conjicit
1020 4175 1113 4211 versus
1133 4157 1223 4224 1922,

177 4253 359 4306 commissurae
380 4249 517 4304 faciendae
540 4245 636 4316 gratia,
660 4243 695 4296 ab
718 4242 818 4297 editore
839 4245 979 4302 conflatos.
999 4248 1099 4301 Versus
1122 4262 1231 4316 quoque
