3134 5104
725 584 768 596 ..
795 543 842 614 48
869 582 915 594 .-

341 685 452 787 Erg0,
482 687 619 764 relictis
651 691 778 766 ceteris
800 690 993 765 doctorum
1017 689 1246 785 conjecturis,
1273 688 1343 762 hoc

292 819 471 896 stabimus
484 820 684 922 elegiarum
695 824 824 900 ordine
841 820 893 914 :I,
911 827 943 917 1,
960 825 992 915 2,
1008 826 1041 915 3,
1063 825 1095 913 5,
1114 823 1135 895 6
1155 820 1343 920 :quicum

292 979 335 1032 eo
350 965 505 1054 praestat
520 956 619 1057 quod
636 957 850 1034 alibrorum
866 957 1063 1034 traditione
1082 981 1159 1031 non
1174 953 1341 1046 dissidet,

292 1097 374 1164 tum
385 1089 491 1165 nobis
509 1089 719 1168 facultatem
745 1093 883 1192 praebet
897 1117 1045 1167 omnem
1064 1087 1342 1168 consuetudinis

292 1222 478 1300 amatoriae
492 1233 652 1301 tractum
661 1227 852 1304 commode
866 1236 903 1304 et
913 1226 1101 1302 enucleate
1115 1220 1339 1322 explicandi.

293 1353 383 1430 Haec
396 1367 519 1434 autem
538 1357 652 1435 Deliae
670 1361 835 1453 historia,
856 1361 887 1436 si
901 1360 992 1436 velis
1013 1385 1089 1435 uno
1114 1358 1225 1434 verbo
1241 1357 1343 1435 colli·

290 1514 376 1588 gere
399 1492 579 1592 quidquid
607 1494 752 1596 paginis
769 1494 1051 1594 insequentibus
1071 1492 1283 1592 comperies,
1300 1517 1344 1568 ea

290 1633 429 1723 estque
439 1626 609 1726 praeclare
623 1600 831 1706 illustretur
843 1628 1017 1706 Germani
1030 1636 1146 1728 poetae
1161 1626 1316 1703 verbum
1333 1656 1342 1702 :

293 1781 311 1834 r
332 1756 398 1836 Uti
419 1759 500 1838 viro
516 1760 758 1855 infidelis,·ita
776 1764 816 1838 in
829 1774 1014 1840 amantem
1029 1762 1169 1862 perfida
1185 1757 1290 1860 (l).'r

343 2060 399 2138 De
427 2062 509 2138 cll
542 2063 648 2162 plura
672 2091 783 2164 supra
815 2065 1002 2141 diximus:
1029 2090 1162 2165 nempe
1185 2075 1343 2163 poetam,

293 2196 512 2295 deposcente
525 2195 681 2273 Messala
697 2210 740 2274 ut
753 2200 823 2275 sibi
834 2200 873 2273 in
888 2199 1079 2277 Orientem
1093 2199 1341 2293 comitaretur,

291 2329 473 2429 imprimis
487 2333 633 2407 rusticae
645 2333 733 2409 vitae
756 2335 931 2429 studium,
950 2333 1061 2408 simul
1080 2334 1213 2408 amoris
1226 2333 1344 2408 illece-

292 2467 376 2541 bras
387 2465 629 2563 exeusavisse,
642 2467 694 2541 ita
708 2467 911 2542 adductum
921 2479 964 2544 ut
972 2467 1116 2543 Deliam
1131 2493 1236 2543 suam
1247 2493 1342 2541 nun-

292 2609 443 2698 cuparet
455 2625 537 2699 quae
556 2579 692 2676 directe
711 2603 751 2676 in
777 2602 917 2703 reliquo
937 2603 1097 2678 carmine
1112 2602 1248 2703 agitur.
1270 2601 1345 2678 Hie

292 2735 467 2810 videntur
479 2737 754 2812 consuetudinis
772 2739 882 2813 modo
902 2737 1073 2839 primitiae
1088 2737 1244 2838 attingi:
1258 2762 1343 2812 nec·
1459 2837 1462 2848 Ι

293 2869 383 2942 dum
402 2868 524 2968 puella
550 2895 571 2945 a
594 2873 725 2946 marita
749 2874 820 2948 fide
837 2872 1000 2967 decessit,
1023 2898 1111 2949 nam
1136 2871 1273 2972 passim
1286 2869 1345 2944 in·

293 3002 481 3103 tellegitur
494 3006 546 3104 (v.
566 3009 638 3081 49:
658 3005 739 3080 Hoc
757 3007 849 3081 mihi
874 3007 1131 3108 contingat...;
1158 3033 1195 3080 v.
1215 3010 1260 3081 57
1275 3029 1344 3104 sq:

294 3147 415 3212 tecum
430 3137 631 3214 dummodo
646 3139 727 3214 sim.
737 3141 779 3239 ..)
795 3140 944 3216 Tibullo
963 3131 1146 3216 summam
1165 3131 1345 3237 volupta-

293 3282 369 3346 tem
382 3273 422 3346 in
436 3273 534 3347 votis
548 3299 638 3361 esse,
650 3300 727 3349 non
745 3301 784 3350 re
801 3301 886 3351 vera
908 3287 1117 3376 perceptam
1133 3306 1142 3371 ;
1160 3287 1197 3350 et
1217 3300 1344 3350 amans

292 3406 370 3505 ipse
392 3417 449 3481 sat
473 3433 615 3482 novum
645 3409 685 3482 in
702 3410 810 3484 rebus
833 3411 996 3485 venereis
1013 3435 1051 3484 se
1075 3409 1212 3510 profert
1226 3409 1342 3507 (quod

293 3539 403 3615 etiam
428 3543 614 3640 sequentis
637 3544 683 3618 el.
721 3543 889 3620 lenoni
913 3543 1055 3618 dolores
1074 3567 1107 3636 a,
1139 3568 1157 3617 c<
1184 3568 1273 3618 noco
1299 3541 1346 3616 li-

294 3673 421 3750 minat>
440 3673 493 3774 (2)
508 3677 748 3777 significant).
762 3676 855 3753 Inde
870 3680 1035 3754 suffusus
1050 3677 1202 3754 carmini
1214 3677 1345 3752 ardens

344 3935 356 3986 l
385 3931 426 3990 H.
443 3931 543 3988 Heino.

330 3930 370 4092 lli
395 4020 551 4090 Quanquam
565 4022 663 4080 Dissen
678 4027 705 4079 et
717 4025 800 4080 ceteri
814 4023 881 4079 illud
896 4026 961 4080 aovi
973 4025 1018 4080 vel
1038 4041 1109 4082 novo
1123 4041 1200 4080 secus
1212 4021 1346 4092 interpre-

296 4109 348 4162 tari
363 4116 494 4165 conantur
510 4129 516 4166 ε
529 4129 644 4183 nuperae
659 4130 754 4182 nempe
770 4113 856 4168 Deliae
867 4114 976 4185 nuptias
992 4114 1166 4185 intellegunt.
1184 4110 1236 4167 Sed
1249 4109 1344 4164 Disse-

294 4198 404 4254 nianam
423 4202 679 4259 commentationem
694 4219 775 4274 supra
789 4203 1002 4264 confutavimus.
1167 4197 1171 4202 “
