3134 5104
621 577 624 584 .
743 527 941 601 ..85-

319 676 365 751 de
380 674 491 752 Urbis
512 676 630 778 gloria
652 677 788 754 AEneas
813 677 903 752 olim
928 675 1074 750 audisse
1097 674 1252 760 dicatur,
1267 696 1367 745 nunc

319 810 494 886 immania
506 812 675 911 quaedam
698 811 866 912 prodigia
884 812 923 885 in
946 809 1143 885 hodiernos
1162 808 1240 882 dies
1260 831 1281 880 a
1300 805 1367 904 Sy·

319 943 418 1020 billis
436 947 697 1046 praenuntiata.
716 945 962 1044 Subsequitur
977 943 1211 1045 lepidissima,
1225 965 1368 1017 necnon

318 1079 440 1180 longa,
453 1081 626 1156 feriarum
643 1079 845 1180 agrestium
865 1078 1075 1177 descriptio
1094 1075 1261 1152 Nemesis
1277 1084 1369 1149 tunc

319 1213 481 1312 primum
494 1216 663 1309 occurrit,
682 1214 741 1290 cui
760 1215 871 1290 etiam
884 1239 961 1288 non
984 1212 1143 1313 amplius
1169 1235 1280 1311 quam
1297 1209 1369 1284 tria

318 1347 741 1450 disticha(v.109-114)
772 1349 989 1424 tribuuntur
1001 1375 1010 1440 ;
1034 1372 1192 1446 quorum
1218 1343 1369 1443 quidem

318 1507 416 1556 unus
434 1507 562 1557 versus
578 1482 625 1560 ob
639 1482 917 1582 exquisitiorem
946 1507 1094 1557 sensum
1111 1479 1275 1578 apprime
1302 1501 1370 1551 no-

318 1616 453 1690 tandus
473 1615 608 1691 :dacco
623 1616 777 1710 saucius,
794 1617 927 1716 inquit,

519 1883 576 1945 Sed
591 1884 678 1946 faveo
695 1883 806 1958 morbo,
824 1891 885 1943 tam
900 1883 1060 1962 juvatipse
1073 1881 1167 1943 dolor.

322 2163 374 2236 Aa
398 2164 524 2238 statim
555 2164 682 2238 relicto
706 2189 841 2252 amore,
872 2187 999 2236 rursus
1030 2163 1070 2234 in
1102 2159 1302 2243 Messalini,
1330 2161 1368 2233 in

322 2295 486 2371 Messalae
509 2298 624 2396 patris
648 2296 756 2372 laude
779 2297 947 2392 consistit
965 2321 1124 2371 carmen.
1144 2338 1193 2348 —
1211 2293 1318 2386 Quod
1339 2295 1370 2368 si

319 2441 441 2505 totum
464 2441 618 2530 spectas,
633 2457 707 2506 non
726 2443 828 2530 potes
843 2433 933 2530 quin
955 2430 1227 2505 animadvertas
1241 2455 1368 2529 quam·

316 2565 401 2638 dam
415 2565 527 2664 hujus
541 2566 666 2665 elegiae
679 2593 763 2642 cum
781 2567 825 2641 el.
843 2563 899 2659 Il,
926 2571 944 2638 l
973 2566 1247 2666 cognationem,
1266 2563 1370 2663 quasi

315 2700 484 2777 consulto
510 2700 680 2776 Tibullus
710 2702 891 2777 curaverit
922 2713 964 2776 ut
990 2701 1108 2800 prima
1127 2724 1370 2799 supremaque

315 2835 418 2910 seriei
430 2833 545 2936 elegia
562 2837 632 2910 sibi
648 2837 806 2912 invicem
831 2836 1114 2934 responderent;
1146 2846 1188 2926 ut
1204 2835 1303 2910 enim
1324 2835 1364 2907 in

315 2969 377 3044 illa
416 2970 674 3062 Ambarvalia,
701 2971 752 3044 sic
786 2970 917 3044 Palilia
944 2971 983 3044 in
1016 2970 1084 3045 hac
1113 2937 1363 3062 celebrantur3

316 3106 432 3179 ambae
475 3104 640 3179 Messalae
683 3104 916 3179 invocatione
953 3115 1119 3198 ornatae3
1169 3104 1364 3201 utrobique

318 3239 428 3313 ctiam
443 3239 662 3336 paucissima
675 3237 720 3312 de
735 3264 867 3331 amore,
882 3264 995 3338 eaque
1013 3239 1143 3312 iisdem
1159 3238 1270 3313 ferme
1287 3263 1362 3312 ver·

316 3373 372 3447 bis
389 3371 568 3468 (616111,
586 3377 617 3466 1,
634 3400 669 3446 v.
688 3377 747 3464 70,
763 3377 821 3465 79,
841 3377 885 3447 81
903 3399 975 3471 sq,
989 3382 1026 3446 et
1041 3371 1085 3446 cl.
1105 3369 1203 3466 11‚5,
1221 3397 1257 3444 v.
1280 3373 1365 3444 105-

318 3506 400 3606 108)
418 3533 616 3606 expressa3
636 3508 831 3607 utrobique
852 3507 918 3581 vix
941 3505 1107 3582 Nemesis
1130 3515 1289 3605 apparet.

363 3639 535 3716 Ceterum
562 3640 641 3716 haec
658 3642 703 3717 el.
727 3649 759 3736 5,
783 3666 994 3741 quanquam
1016 3641 1225 3715 formatam
1241 3640 1365 3715 incon·

312 3775 389 3850 dita
401 3776 581 3850 lectorum
596 3776 696 3851 laedit
717 3777 853 3871 oculos,
870 3777 1112 3851 nihilominus
1134 3776 1280 3875 egregio
1299 3801 1368 3850 no-

318 3910 375 3984 bis
391 3909 526 3984 indicio
541 3921 597 3984 est
610 3933 772 4009 quonam
782 3911 967 4002 evasisset,
983 3910 1014 3984 si
1024 3936 1122 3983 mors
1136 3910 1365 4009 pepercisset,

317 4043 567 4118 Tibullianum
586 4044 790 4144 ingenium.
808 4045 834 4120 J
836 4072 896 4120 am
909 4045 1031 4119 animo
1045 4044 1213 4142 frigidior
1223 4044 1286 4118 sed
1303 4045 1365 4118 fir·

317 4176 424 4266 mior‚
442 4180 515 4273 iam
534 4204 686 4251 summa
703 4179 792 4252 artis
810 4193 978 4276 compos,
997 4189 1103 4276 poeta
1116 4204 1278 4251 amorem
1292 4177 1366 4250 for-
