<?xml version="1.0" encoding="UTF-8"?>
<!DOCTYPE html PUBLIC "-//W3C//DTD XHTML 1.0 Transitional//EN"
    "http://www.w3.org/TR/xhtml1/DTD/xhtml1-transitional.dtd">
<html xmlns="http://www.w3.org/1999/xhtml" xml:lang="en" lang="en">
 <head>
  <title>
</title>
<meta http-equiv="Content-Type" content="text/html;charset=utf-8" />
  <meta name='ocr-system' content='tesseract 3.04.00' />
  <meta name='ocr-capabilities' content='ocr_page ocr_carea ocr_par ocr_line ocrx_word'/>
</head>
<body>
  <div class='ocr_page' id='page_1' title='image "./detibulliamorib00doncgoog_0052.png"; bbox 0 0 3116 5104; ppageno 0'>
   <div class='ocr_carea' id='block_1_1' title="bbox 166 555 1224 2282">
    <p class='ocr_par' dir='ltr' id='par_1_1' title="bbox 166 555 1223 1476">
     <span class='ocr_line' id='line_1_1' title="bbox 599 555 790 626; baseline 0.005 -20"><span class='ocrx_word' id='word_1_1' title='bbox 599 595 645 606; x_wconf 85' lang='lat'>..</span> <span class='ocrx_word' id='word_1_2' title='bbox 675 555 720 626; x_wconf 75' lang='lat'>27</span> <span class='ocrx_word' id='word_1_3' title='bbox 752 595 790 607; x_wconf 81' lang='grc'>..</span> 
     </span>
     <span class='ocr_line' id='line_1_2' title="bbox 166 699 1221 801; baseline -0.003 -28"><span class='ocrx_word' id='word_1_4' title='bbox 166 701 286 776; x_wconf 85' lang='lat' dir='ltr'>timus</span> <span class='ocrx_word' id='word_1_5' title='bbox 316 729 364 778; x_wconf 87' lang='lat' dir='ltr'>ex</span> <span class='ocrx_word' id='word_1_6' title='bbox 399 703 544 778; x_wconf 79' lang='lat' dir='ltr'>Horatii</span> <span class='ocrx_word' id='word_1_7' title='bbox 571 704 730 801; x_wconf 81' lang='lat' dir='ltr'>epistula</span> <span class='ocrx_word' id='word_1_8' title='bbox 764 703 812 800; x_wconf 89' lang='lat' dir='ltr'>(v.</span> <span class='ocrx_word' id='word_1_9' title='bbox 844 701 973 799; x_wconf 75' lang='lat'>12-16)</span> <span class='ocrx_word' id='word_1_10' title='bbox 1001 699 1221 798; x_wconf 85' lang='lat' dir='ltr'><strong>Epicuream</strong></span> 
     </span>
     <span class='ocr_line' id='line_1_3' title="bbox 167 835 1222 934; baseline -0.003 -25"><span class='ocrx_word' id='word_1_11' title='bbox 167 836 388 933; x_wconf 84' lang='lat' dir='ltr'>sapientiam</span> <span class='ocrx_word' id='word_1_12' title='bbox 399 862 475 911; x_wconf 92' lang='lat' dir='ltr'>non</span> <span class='ocrx_word' id='word_1_13' title='bbox 492 837 606 910; x_wconf 87' lang='lat' dir='ltr'>imam</span> <span class='ocrx_word' id='word_1_14' title='bbox 620 837 787 928; x_wconf 85' lang='lat' dir='ltr'>scrutari,</span> <span class='ocrx_word' id='word_1_15' title='bbox 817 837 881 911; x_wconf 88' lang='lat' dir='ltr'>sed</span> <span class='ocrx_word' id='word_1_16' title='bbox 902 835 1025 934; x_wconf 89' lang='lat' dir='ltr'>potius</span> <span class='ocrx_word' id='word_1_17' title='bbox 1041 858 1222 908; x_wconf 90' lang='lat' dir='ltr'>summam</span> 
     </span>
     <span class='ocr_line' id='line_1_4' title="bbox 168 968 1221 1070; baseline -0.002 -28"><span class='ocrx_word' id='word_1_18' title='bbox 168 969 366 1069; x_wconf 84' lang='lat' dir='ltr'>attingere,</span> <span class='ocrx_word' id='word_1_19' title='bbox 378 970 556 1045; x_wconf 86' lang='lat' dir='ltr'>liberioris</span> <span class='ocrx_word' id='word_1_20' title='bbox 570 970 741 1070; x_wconf 87' lang='lat' dir='ltr'>discipuli</span> <span class='ocrx_word' id='word_1_21' title='bbox 759 971 886 1066; x_wconf 87' lang='lat' dir='ltr'>instar,</span> <span class='ocrx_word' id='word_1_22' title='bbox 899 968 1007 1044; x_wconf 89' lang='lat' dir='ltr'>nobis</span> <span class='ocrx_word' id='word_1_23' title='bbox 1022 969 1221 1068; x_wconf 84' lang='lat' dir='ltr'>ingenuam</span> 
     </span>
     <span class='ocr_line' id='line_1_5' title="bbox 167 1100 1222 1204; baseline -0.001 -29"><span class='ocrx_word' id='word_1_24' title='bbox 167 1103 321 1178; x_wconf 88' lang='lat' dir='ltr'>videtur</span> <span class='ocrx_word' id='word_1_25' title='bbox 338 1105 469 1180; x_wconf 84' lang='lat' dir='ltr'>referre</span> <span class='ocrx_word' id='word_1_26' title='bbox 494 1105 634 1179; x_wconf 88' lang='lat' dir='ltr'>Tibulli</span> <span class='ocrx_word' id='word_1_27' title='bbox 654 1117 796 1184; x_wconf 86' lang='lat' dir='ltr'>notem.</span> <span class='ocrx_word' id='word_1_28' title='bbox 828 1103 972 1204; x_wconf 87' lang='lat' dir='ltr'>ltaque,</span> <span class='ocrx_word' id='word_1_29' title='bbox 1001 1100 1222 1200; x_wconf 88' lang='lat' dir='ltr'>contemptis</span> 
     </span>
     <span class='ocr_line' id='line_1_6' title="bbox 168 1236 1223 1334; baseline -0.004 -20"><span class='ocrx_word' id='word_1_30' title='bbox 168 1238 314 1314; x_wconf 87' lang='lat' dir='ltr'>AEmilii</span> <span class='ocrx_word' id='word_1_31' title='bbox 332 1239 508 1315; x_wconf 83' lang='lat' dir='ltr'>Baehrens</span> <span class='ocrx_word' id='word_1_32' title='bbox 526 1241 732 1334; x_wconf 86' lang='lat' dir='ltr'>calumniis,</span> <span class='ocrx_word' id='word_1_33' title='bbox 747 1241 951 1318; x_wconf 88' lang='lat' dir='ltr'>Horatiana</span> <span class='ocrx_word' id='word_1_34' title='bbox 966 1238 1062 1314; x_wconf 89' lang='lat' dir='ltr'>dicta</span> <span class='ocrx_word' id='word_1_35' title='bbox 1075 1248 1159 1312; x_wconf 88' lang='lat' dir='ltr'>tuto</span> <span class='ocrx_word' id='word_1_36' title='bbox 1178 1236 1223 1310; x_wconf 89' lang='lat' dir='ltr'>de</span> 
     </span>
     <span class='ocr_line' id='line_1_7' title="bbox 167 1375 712 1476; baseline 0.006 -30"><span class='ocrx_word' id='word_1_37' title='bbox 167 1385 301 1450; x_wconf 91' lang='lat' dir='ltr'>nostro</span> <span class='ocrx_word' id='word_1_38' title='bbox 316 1385 425 1472; x_wconf 87' lang='lat' dir='ltr'>poeta</span> <span class='ocrx_word' id='word_1_39' title='bbox 441 1375 712 1476; x_wconf 84' lang='lat' dir='ltr'>intellegemus.</span> 
     </span>
    </p>

    <p class='ocr_par' dir='ltr' id='par_1_2' title="bbox 169 1505 1224 2282">
     <span class='ocr_line' id='line_1_8' title="bbox 222 1505 1223 1610; baseline -0.001 -28"><span class='ocrx_word' id='word_1_40' title='bbox 222 1507 355 1584; x_wconf 90' lang='lat' dir='ltr'>Albius</span> <span class='ocrx_word' id='word_1_41' title='bbox 385 1509 556 1586; x_wconf 88' lang='lat' dir='ltr'>Tibullus</span> <span class='ocrx_word' id='word_1_42' title='bbox 573 1509 709 1610; x_wconf 86' lang='lat' dir='ltr'>(Aulus</span> <span class='ocrx_word' id='word_1_43' title='bbox 732 1509 982 1607; x_wconf 83' lang='lat' dir='ltr'>praenom&#39;me?</span> <span class='ocrx_word' id='word_1_44' title='bbox 1001 1507 1101 1608; x_wconf 91' lang='lat' dir='ltr'>quod</span> <span class='ocrx_word' id='word_1_45' title='bbox 1121 1505 1223 1581; x_wconf 83' lang='lat' dir='ltr'>facile</span> 
     </span>
     <span class='ocr_line' id='line_1_9' title="bbox 170 1639 1220 1745; baseline -0.003 -27"><span class='ocrx_word' id='word_1_46' title='bbox 170 1643 222 1718; x_wconf 92' lang='lat' dir='ltr'>ob</span> <span class='ocrx_word' id='word_1_47' title='bbox 234 1644 408 1720; x_wconf 88' lang='lat' dir='ltr'>iteratum</span> <span class='ocrx_word' id='word_1_48' title='bbox 426 1645 611 1745; x_wconf 90' lang='lat' dir='ltr'>sequentis</span> <span class='ocrx_word' id='word_1_49' title='bbox 636 1643 797 1719; x_wconf 90' lang='lat' dir='ltr'>nominis</span> <span class='ocrx_word' id='word_1_50' title='bbox 812 1645 848 1717; x_wconf 94' lang='lat' dir='ltr'><strong>A</strong></span> <span class='ocrx_word' id='word_1_51' title='bbox 865 1642 1055 1741; x_wconf 88' lang='lat' dir='ltr'>exciderit)</span> <span class='ocrx_word' id='word_1_52' title='bbox 1080 1639 1220 1730; x_wconf 82' lang='lat' dir='ltr'>Gabiis,</span> 
     </span>
     <span class='ocr_line' id='line_1_10' title="bbox 170 1775 1224 1878; baseline -0.003 -25"><span class='ocrx_word' id='word_1_53' title='bbox 170 1778 204 1853; x_wconf 90' lang='lat' dir='ltr'>si</span> <span class='ocrx_word' id='word_1_54' title='bbox 240 1779 427 1878; x_wconf 88' lang='lat' dir='ltr'>plausibili</span> <span class='ocrx_word' id='word_1_55' title='bbox 452 1781 552 1856; x_wconf 89' lang='lat' dir='ltr'>AEm.</span> <span class='ocrx_word' id='word_1_56' title='bbox 581 1778 755 1853; x_wconf 80' lang='lat' dir='ltr'>Baehrens</span> <span class='ocrx_word' id='word_1_57' title='bbox 792 1779 1009 1876; x_wconf 78' lang='lat' dir='ltr'>conjecturae</span> <span class='ocrx_word' id='word_1_58' title='bbox 1041 1775 1224 1852; x_wconf 88' lang='lat' dir='ltr'>assentia-</span> 
     </span>
     <span class='ocr_line' id='line_1_11' title="bbox 169 1912 1223 2014; baseline -0.002 -28"><span class='ocrx_word' id='word_1_59' title='bbox 169 1939 257 1987; x_wconf 87' lang='lat' dir='ltr'>mur</span> <span class='ocrx_word' id='word_1_60' title='bbox 277 1914 340 2014; x_wconf 82' lang='lat'>(1),</span> <span class='ocrx_word' id='word_1_61' title='bbox 368 1916 527 2014; x_wconf 74' lang='lat' dir='ltr'>equestri</span> <span class='ocrx_word' id='word_1_62' title='bbox 556 1912 637 1989; x_wconf 91' lang='lat' dir='ltr'>loco</span> <span class='ocrx_word' id='word_1_63' title='bbox 661 1924 771 1989; x_wconf 88' lang='lat' dir='ltr'>natus</span> <span class='ocrx_word' id='word_1_64' title='bbox 811 1923 878 1990; x_wconf 89' lang='lat' dir='ltr'>est.</span> <span class='ocrx_word' id='word_1_65' title='bbox 909 1913 1148 2002; x_wconf 86' lang='lat' dir='ltr'>Praemature‚</span> <span class='ocrx_word' id='word_1_66' title='bbox 1179 1920 1223 1984; x_wconf 88' lang='lat' dir='ltr'>ut</span> 
     </span>
     <span class='ocr_line' id='line_1_12' title="bbox 169 2047 1222 2146; baseline -0.003 -24"><span class='ocrx_word' id='word_1_67' title='bbox 169 2047 332 2140; x_wconf 86' lang='lat' dir='ltr'>videtur,</span> <span class='ocrx_word' id='word_1_68' title='bbox 361 2060 464 2146; x_wconf 86' lang='lat' dir='ltr'>patre</span> <span class='ocrx_word' id='word_1_69' title='bbox 491 2049 656 2140; x_wconf 86' lang='lat' dir='ltr'>orbatus,</span> <span class='ocrx_word' id='word_1_70' title='bbox 678 2048 775 2123; x_wconf 89' lang='lat' dir='ltr'>inter</span> <span class='ocrx_word' id='word_1_71' title='bbox 806 2058 962 2123; x_wconf 89' lang='lat' dir='ltr'>matrem</span> <span class='ocrx_word' id='word_1_72' title='bbox 991 2070 1222 2144; x_wconf 84' lang='lat' dir='ltr'>sororemque</span> 
     </span>
     <span class='ocr_line' id='line_1_13' title="bbox 171 2179 1222 2282; baseline -0.004 -26"><span class='ocrx_word' id='word_1_73' title='bbox 171 2182 314 2258; x_wconf 88' lang='lat' dir='ltr'>adoluit</span> <span class='ocrx_word' id='word_1_74' title='bbox 333 2182 434 2280; x_wconf 91' lang='lat' dir='ltr'>(nam</span> <span class='ocrx_word' id='word_1_75' title='bbox 452 2184 492 2257; x_wconf 94' lang='lat' dir='ltr'>in</span> <span class='ocrx_word' id='word_1_76' title='bbox 517 2183 642 2282; x_wconf 86' lang='lat' dir='ltr'>elegiis</span> <span class='ocrx_word' id='word_1_77' title='bbox 666 2182 870 2274; x_wconf 83' lang='lat' dir='ltr'>ambarum,</span> <span class='ocrx_word' id='word_1_78' title='bbox 895 2207 1079 2282; x_wconf 87' lang='lat' dir='ltr'>nusquam</span> <span class='ocrx_word' id='word_1_79' title='bbox 1107 2179 1222 2280; x_wconf 89' lang='lat' dir='ltr'>patris</span> 
     </span>
    </p>
   </div>
   <div class='ocr_carea' id='block_1_2' title="bbox 169 2313 1222 2552">
    <p class='ocr_par' dir='ltr' id='par_1_3' title="bbox 169 2313 1222 2552">
     <span class='ocr_line' id='line_1_14' title="bbox 169 2313 1222 2416; baseline -0.003 -25"><span class='ocrx_word' id='word_1_80' title='bbox 169 2317 216 2392; x_wconf 90' lang='lat' dir='ltr'>fit</span> <span class='ocrx_word' id='word_1_81' title='bbox 239 2317 394 2410; x_wconf 85' lang='lat' dir='ltr'>mentio)</span> <span class='ocrx_word' id='word_1_82' title='bbox 420 2319 549 2416; x_wconf 87' lang='lat' dir='ltr'>:cujus</span> <span class='ocrx_word' id='word_1_83' title='bbox 575 2329 670 2394; x_wconf 89' lang='lat' dir='ltr'>certe</span> <span class='ocrx_word' id='word_1_84' title='bbox 696 2317 860 2393; x_wconf 82' lang='lat' dir='ltr'>femineae</span> <span class='ocrx_word' id='word_1_85' title='bbox 887 2317 1041 2393; x_wconf 87' lang='lat' dir='ltr'>culturae</span> <span class='ocrx_word' id='word_1_86' title='bbox 1066 2313 1222 2414; x_wconf 86' lang='lat' dir='ltr'>vestigia</span> 
     </span>
     <span class='ocr_line' id='line_1_15' title="bbox 170 2447 1221 2552; baseline -0.005 -28"><span class='ocrx_word' id='word_1_87' title='bbox 170 2451 318 2525; x_wconf 90' lang='lat' dir='ltr'>animus</span> <span class='ocrx_word' id='word_1_88' title='bbox 341 2452 606 2552; x_wconf 86' lang='lat' dir='ltr'>ingeniumque</span> <span class='ocrx_word' id='word_1_89' title='bbox 631 2452 798 2530; x_wconf 86' lang='lat' dir='ltr'>retinuit.</span> <span class='ocrx_word' id='word_1_90' title='bbox 819 2450 958 2526; x_wconf 90' lang='lat' dir='ltr'>Utrum</span> <span class='ocrx_word' id='word_1_91' title='bbox 984 2448 1136 2524; x_wconf 81' lang='lat' dir='ltr'>Athenis</span> <span class='ocrx_word' id='word_1_92' title='bbox 1159 2447 1221 2521; x_wconf 88' lang='lat' dir='ltr'>ali-</span> 
     </span>
    </p>
   </div>
   <div class='ocr_carea' id='block_1_3' title="bbox 101 2584 1328 3624">
    <p class='ocr_par' dir='ltr' id='par_1_4' title="bbox 101 2584 1328 3624">
     <span class='ocr_line' id='line_1_16' title="bbox 170 2584 1219 2684; baseline -0.002 -25"><span class='ocrx_word' id='word_1_93' title='bbox 170 2586 319 2684; x_wconf 87' lang='lat' dir='ltr'>quando</span> <span class='ocrx_word' id='word_1_94' title='bbox 333 2587 527 2679; x_wconf 88' lang='lat' dir='ltr'>studuerit,</span> <span class='ocrx_word' id='word_1_95' title='bbox 544 2586 791 2662; x_wconf 88' lang='lat' dir='ltr'>litteratorum</span> <span class='ocrx_word' id='word_1_96' title='bbox 800 2584 1089 2662; x_wconf 84' lang='lat' dir='ltr'>adulescentium</span> <span class='ocrx_word' id='word_1_97' title='bbox 1108 2608 1219 2677; x_wconf 87' lang='lat' dir='ltr'>more,</span> 
     </span>
     <span class='ocr_line' id='line_1_17' title="bbox 169 2715 1221 2819; baseline -0.006 -25"><span class='ocrx_word' id='word_1_98' title='bbox 169 2719 355 2798; x_wconf 84' lang='lat' dir='ltr'>nescimus</span> <span class='ocrx_word' id='word_1_99' title='bbox 365 2750 375 2815; x_wconf 85' lang='lat'>3</span> <span class='ocrx_word' id='word_1_100' title='bbox 391 2730 429 2794; x_wconf 90' lang='lat' dir='ltr'>at</span> <span class='ocrx_word' id='word_1_101' title='bbox 442 2720 542 2819; x_wconf 92' lang='lat' dir='ltr'>quod</span> <span class='ocrx_word' id='word_1_102' title='bbox 559 2721 739 2795; x_wconf 86' lang='lat' dir='ltr'>affirmare</span> <span class='ocrx_word' id='word_1_103' title='bbox 752 2719 850 2812; x_wconf 90' lang='lat' dir='ltr'>licet,</span> <span class='ocrx_word' id='word_1_104' title='bbox 868 2721 946 2794; x_wconf 90' lang='lat' dir='ltr'>ruri</span> <span class='ocrx_word' id='word_1_105' title='bbox 968 2743 1059 2816; x_wconf 91' lang='lat' dir='ltr'>puer</span> <span class='ocrx_word' id='word_1_106' title='bbox 1081 2715 1221 2790; x_wconf 89' lang='lat' dir='ltr'>diutius</span> 
     </span>
     <span class='ocr_line' id='line_1_18' title="bbox 170 2848 1221 2954; baseline -0.004 -26"><span class='ocrx_word' id='word_1_107' title='bbox 170 2877 283 2954; x_wconf 92' lang='lat' dir='ltr'>quam</span> <span class='ocrx_word' id='word_1_108' title='bbox 301 2855 341 2926; x_wconf 92' lang='lat' dir='ltr'>in</span> <span class='ocrx_word' id='word_1_109' title='bbox 374 2852 473 2928; x_wconf 88' lang='lat' dir='ltr'>Urbe</span> <span class='ocrx_word' id='word_1_110' title='bbox 497 2852 612 2952; x_wconf 85' lang='lat' dir='ltr'>degit,</span> <span class='ocrx_word' id='word_1_111' title='bbox 641 2853 738 2928; x_wconf 88' lang='lat' dir='ltr'>inter</span> <span class='ocrx_word' id='word_1_112' title='bbox 755 2852 854 2927; x_wconf 87' lang='lat' dir='ltr'>avita</span> <span class='ocrx_word' id='word_1_113' title='bbox 868 2851 1017 2925; x_wconf 89' lang='lat' dir='ltr'>arbusta</span> <span class='ocrx_word' id='word_1_114' title='bbox 1041 2848 1134 2938; x_wconf 86' lang='lat' dir='ltr'>lares</span> <span class='ocrx_word' id='word_1_115' title='bbox 1150 2874 1221 2949; x_wconf 91' lang='lat' dir='ltr'>que</span> 
     </span>
     <span class='ocr_line' id='line_1_19' title="bbox 173 2983 1221 3086; baseline -0.006 -24"><span class='ocrx_word' id='word_1_116' title='bbox 173 2987 320 3086; x_wconf 75' lang='lat' dir='ltr'>«prisco</span> <span class='ocrx_word' id='word_1_117' title='bbox 337 2986 495 3085; x_wconf 89' lang='lat' dir='ltr'>estipite</span> <span class='ocrx_word' id='word_1_118' title='bbox 507 2986 652 3061; x_wconf 78' lang='lat' dir='ltr'>saetosa</span> <span class='ocrx_word' id='word_1_119' title='bbox 668 2985 737 3084; x_wconf 89' lang='lat' dir='ltr'>piis</span> <span class='ocrx_word' id='word_1_120' title='bbox 753 2984 1030 3083; x_wconf 83' lang='lat' dir='ltr'>agrestibusque</span> <span class='ocrx_word' id='word_1_121' title='bbox 1041 2983 1221 3058; x_wconf 86' lang='lat' dir='ltr'>formatus</span> 
     </span>
     <span class='ocr_line' id='line_1_20' title="bbox 171 3116 1222 3220; baseline -0.005 -25"><span class='ocrx_word' id='word_1_122' title='bbox 171 3121 389 3220; x_wconf 86' lang='lat' dir='ltr'>disciplinis.</span> <span class='ocrx_word' id='word_1_123' title='bbox 409 3119 549 3195; x_wconf 85' lang='lat' dir='ltr'>Tibulli</span> <span class='ocrx_word' id='word_1_124' title='bbox 566 3119 718 3210; x_wconf 86' lang='lat' dir='ltr'>familia,</span> <span class='ocrx_word' id='word_1_125' title='bbox 736 3118 916 3218; x_wconf 90' lang='lat' dir='ltr'>principio</span> <span class='ocrx_word' id='word_1_126' title='bbox 929 3117 1075 3217; x_wconf 85' lang='lat' dir='ltr'>magnis</span> <span class='ocrx_word' id='word_1_127' title='bbox 1088 3116 1222 3214; x_wconf 89' lang='lat' dir='ltr'>opibus</span> 
     </span>
     <span class='ocr_line' id='line_1_21' title="bbox 170 3251 1222 3354; baseline -0.003 -26"><span class='ocrx_word' id='word_1_128' title='bbox 170 3255 338 3354; x_wconf 84' lang='lat' dir='ltr'>praedita,</span> <span class='ocrx_word' id='word_1_129' title='bbox 360 3255 532 3354; x_wconf 86' lang='lat' dir='ltr'>deinceps</span> <span class='ocrx_word' id='word_1_130' title='bbox 552 3280 649 3328; x_wconf 90' lang='lat' dir='ltr'>anno</span> <span class='ocrx_word' id='word_1_131' title='bbox 663 3253 792 3353; x_wconf 89' lang='lat' dir='ltr'>procul</span> <span class='ocrx_word' id='word_1_132' title='bbox 806 3251 919 3328; x_wconf 91' lang='lat' dir='ltr'>dubio</span> <span class='ocrx_word' id='word_1_133' title='bbox 936 3256 1020 3342; x_wconf 78' lang='lat'><strong>713,</strong></span> <span class='ocrx_word' id='word_1_134' title='bbox 1038 3279 1123 3326; x_wconf 92' lang='lat' dir='ltr'>cum</span> <span class='ocrx_word' id='word_1_135' title='bbox 1142 3251 1222 3351; x_wconf 82' lang='lat' dir='ltr'>agri</span> 
     </span>
     <span class='ocr_line' id='line_1_22' title="bbox 170 3384 1328 3488; baseline -0.006 -23"><span class='ocrx_word' id='word_1_136' title='bbox 170 3392 270 3466; x_wconf 88' lang='lat' dir='ltr'>inter</span> <span class='ocrx_word' id='word_1_137' title='bbox 278 3390 413 3466; x_wconf 87' lang='lat' dir='ltr'>milites</span> <span class='ocrx_word' id='word_1_138' title='bbox 427 3389 555 3488; x_wconf 88' lang='lat' dir='ltr'>partiti</span> <span class='ocrx_word' id='word_1_139' title='bbox 563 3399 621 3464; x_wconf 92' lang='lat' dir='ltr'>tot</span> <span class='ocrx_word' id='word_1_140' title='bbox 632 3388 797 3488; x_wconf 87' lang='lat' dir='ltr'>ejusdem</span> <span class='ocrx_word' id='word_1_141' title='bbox 812 3387 880 3462; x_wconf 85' lang='lat' dir='ltr'>aevi</span> <span class='ocrx_word' id='word_1_142' title='bbox 892 3386 1009 3486; x_wconf 87' lang='lat' dir='ltr'>poetis</span> <span class='ocrx_word' id='word_1_143' title='bbox 1025 3384 1219 3485; x_wconf 83' lang='lat' dir='ltr'>(Vergilio,</span> <span class='ocrx_word' id='word_1_144' title='bbox 1327 3469 1328 3474; x_wconf 65' lang='lat'>,</span> 
     </span>
     <span class='ocr_line' id='line_1_23' title="bbox 101 3519 1220 3624; baseline -0.009 -21"><span class='ocrx_word' id='word_1_145' title='bbox 101 3595 103 3603; x_wconf 92' lang='lat'><em>.</em></span> <span class='ocrx_word' id='word_1_146' title='bbox 172 3524 339 3620; x_wconf 87' lang='lat' dir='ltr'>Horatio,</span> <span class='ocrx_word' id='word_1_147' title='bbox 370 3521 583 3624; x_wconf 88' lang='lat' dir='ltr'>Propertio)</span> <span class='ocrx_word' id='word_1_148' title='bbox 611 3522 811 3598; x_wconf 77' lang='lat' dir='ltr'>calamitati</span> <span class='ocrx_word' id='word_1_149' title='bbox 850 3522 980 3614; x_wconf 85' lang='lat' dir='ltr'>forent,</span> <span class='ocrx_word' id='word_1_150' title='bbox 1015 3520 1121 3594; x_wconf 90' lang='lat' dir='ltr'>bonis</span> <span class='ocrx_word' id='word_1_151' title='bbox 1145 3519 1220 3618; x_wconf 91' lang='lat' dir='ltr'>ple-</span> 
     </span>
    </p>
   </div>
   <div class='ocr_carea' id='block_1_4' title="bbox 170 3835 1230 4345">
    <p class='ocr_par' dir='ltr' id='par_1_5' title="bbox 170 3835 1230 4272">
     <span class='ocr_line' id='line_1_24' title="bbox 209 3835 1219 3915; baseline -0.008 -17"><span class='ocrx_word' id='word_1_152' title='bbox 209 3846 247 3915; x_wconf 85' lang='lat'>(1)</span> <span class='ocrx_word' id='word_1_153' title='bbox 263 3843 365 3914; x_wconf 89' lang='lat' dir='ltr'>Incipit</span> <span class='ocrx_word' id='word_1_154' title='bbox 379 3843 408 3898; x_wconf 92' lang='lat' dir='ltr'>in</span> <span class='ocrx_word' id='word_1_155' title='bbox 426 3841 565 3898; x_wconf 81' lang='lat' dir='ltr'>codicibus</span> <span class='ocrx_word' id='word_1_156' title='bbox 575 3838 741 3896; x_wconf 89' lang='lat' dir='ltr'>Suetoniana</span> <span class='ocrx_word' id='word_1_157' title='bbox 753 3839 818 3896; x_wconf 86' lang='lat' dir='ltr'>Vita</span> <span class='ocrx_word' id='word_1_158' title='bbox 832 3859 839 3897; x_wconf 79' lang='lat' dir='ltr'>z</span> <span class='ocrx_word' id='word_1_159' title='bbox 854 3861 866 3891; x_wconf 77' lang='lat' dir='ltr'>r</span> <span class='ocrx_word' id='word_1_160' title='bbox 883 3837 982 3893; x_wconf 86' lang='lat' dir='ltr'>Albius</span> <span class='ocrx_word' id='word_1_161' title='bbox 997 3835 1122 3892; x_wconf 85' lang='lat' dir='ltr'>Tibullus</span> <span class='ocrx_word' id='word_1_162' title='bbox 1137 3853 1219 3907; x_wconf 88' lang='lat' dir='ltr'>eques</span> 
     </span>
     <span class='ocr_line' id='line_1_25' title="bbox 170 3927 1218 4005; baseline -0.01 -16"><span class='ocrx_word' id='word_1_163' title='bbox 170 3933 271 4004; x_wconf 83' lang='lat' dir='ltr'>regalis</span> <span class='ocrx_word' id='word_1_164' title='bbox 288 3951 318 4004; x_wconf 77' lang='lat' dir='ltr'>a;</span> <span class='ocrx_word' id='word_1_165' title='bbox 338 3939 365 3988; x_wconf 88' lang='lat' dir='ltr'>et</span> <span class='ocrx_word' id='word_1_166' title='bbox 379 3951 427 4005; x_wconf 84' lang='lat' dir='ltr'>pro</span> <span class='ocrx_word' id='word_1_167' title='bbox 443 3931 561 3988; x_wconf 89' lang='lat' dir='ltr'>absurdo</span> <span class='ocrx_word' id='word_1_168' title='bbox 575 3930 623 3987; x_wconf 93' lang='lat' dir='ltr'>illo</span> <span class='ocrx_word' id='word_1_169' title='bbox 636 3933 746 4004; x_wconf 72' lang='lat' dir='ltr'>repetis,</span> <span class='ocrx_word' id='word_1_170' title='bbox 762 3930 845 4001; x_wconf 91' lang='lat' dir='ltr'>vulgo</span> <span class='ocrx_word' id='word_1_171' title='bbox 860 3930 956 4000; x_wconf 80' lang='lat' dir='ltr'>legunt</span> <span class='ocrx_word' id='word_1_172' title='bbox 971 3945 1123 3984; x_wconf 62' lang='lat' dir='ltr'>«romanus</span> <span class='ocrx_word' id='word_1_173' title='bbox 1140 3946 1164 3986; x_wconf 76' lang='lat' dir='ltr'>r.</span> <span class='ocrx_word' id='word_1_174' title='bbox 1180 3927 1218 3980; x_wconf 86' lang='lat' dir='ltr'>At</span> 
     </span>
     <span class='ocr_line' id='line_1_26' title="bbox 171 4012 1230 4094; baseline -0.01 -17"><span class='ocrx_word' id='word_1_175' title='bbox 171 4021 304 4077; x_wconf 85' lang='lat' dir='ltr'>Baehrens</span> <span class='ocrx_word' id='word_1_176' title='bbox 327 4020 493 4094; x_wconf 85' lang='lat' dir='ltr'>ingeniosius</span> <span class='ocrx_word' id='word_1_177' title='bbox 510 4042 523 4072; x_wconf 76' lang='grc' dir='ltr'><strong>α</strong></span> <span class='ocrx_word' id='word_1_178' title='bbox 539 4036 621 4094; x_wconf 88' lang='lat' dir='ltr'>eques</span> <span class='ocrx_word' id='word_1_179' title='bbox 635 4019 670 4074; x_wconf 89' lang='lat' dir='ltr'>R.</span> <span class='ocrx_word' id='word_1_180' title='bbox 685 4035 699 4072; x_wconf 92' lang='lat' dir='ltr'>e</span> <span class='ocrx_word' id='word_1_181' title='bbox 713 4018 798 4073; x_wconf 82' lang='lat' dir='ltr'>Gabis</span> <span class='ocrx_word' id='word_1_182' title='bbox 814 4039 826 4068; x_wconf 77' lang='lat' dir='ltr'>a</span> <span class='ocrx_word' id='word_1_183' title='bbox 850 4019 907 4089; x_wconf 93' lang='lat'>(=</span> <span class='ocrx_word' id='word_1_184' title='bbox 921 4018 1058 4071; x_wconf 87' lang='lat' dir='ltr'>Romanus</span> <span class='ocrx_word' id='word_1_185' title='bbox 1074 4032 1089 4068; x_wconf 89' lang='lat' dir='ltr'>e</span> <span class='ocrx_word' id='word_1_186' title='bbox 1105 4012 1230 4090; x_wconf 45' lang='lat' dir='ltr'>Gablini·</span> 
     </span>
     <span class='ocr_line' id='line_1_27' title="bbox 172 4104 1229 4179; baseline -0.011 -12"><span class='ocrx_word' id='word_1_187' title='bbox 172 4111 250 4176; x_wconf 85' lang='lat' dir='ltr'>Quod</span> <span class='ocrx_word' id='word_1_188' title='bbox 260 4128 292 4166; x_wconf 89' lang='lat' dir='ltr'>eo</span> <span class='ocrx_word' id='word_1_189' title='bbox 307 4109 483 4166; x_wconf 80' lang='lat' dir='ltr'>verisimilius</span> <span class='ocrx_word' id='word_1_190' title='bbox 491 4115 543 4178; x_wconf 86' lang='lat' dir='ltr'>est,</span> <span class='ocrx_word' id='word_1_191' title='bbox 555 4108 625 4179; x_wconf 91' lang='lat' dir='ltr'>quod</span> <span class='ocrx_word' id='word_1_192' title='bbox 636 4107 903 4164; x_wconf 83' lang='lat' dir='ltr'>Suetoniusvirorum</span> <span class='ocrx_word' id='word_1_193' title='bbox 916 4107 1048 4176; x_wconf 88' lang='lat' dir='ltr'>originem</span> <span class='ocrx_word' id='word_1_194' title='bbox 1059 4104 1124 4158; x_wconf 89' lang='lat' dir='ltr'>item</span> <span class='ocrx_word' id='word_1_195' title='bbox 1134 4110 1229 4157; x_wconf 85' lang='lat' dir='ltr'>notare</span> 
     </span>
     <span class='ocr_line' id='line_1_28' title="bbox 173 4199 750 4272; baseline -0.007 -16"><span class='ocrx_word' id='word_1_196' title='bbox 173 4201 243 4256; x_wconf 87' lang='lat' dir='ltr'>solet</span> <span class='ocrx_word' id='word_1_197' title='bbox 259 4203 311 4272; x_wconf 76' lang='lat' dir='ltr'>(re</span> <span class='ocrx_word' id='word_1_198' title='bbox 327 4199 419 4256; x_wconf 86' lang='lat' dir='ltr'>Sicilia</span> <span class='ocrx_word' id='word_1_199' title='bbox 433 4222 458 4269; x_wconf 74' lang='lat' dir='ltr'>a,</span> <span class='ocrx_word' id='word_1_200' title='bbox 478 4199 617 4256; x_wconf 74' lang='lat' dir='ltr'>«oGallia</span> <span class='ocrx_word' id='word_1_201' title='bbox 637 4218 663 4267; x_wconf 77' lang='lat' dir='ltr'>n,</span> <span class='ocrx_word' id='word_1_202' title='bbox 684 4200 750 4268; x_wconf 87' lang='lat' dir='ltr'>etc.)</span> 
     </span>
    </p>

    <p class='ocr_par' dir='ltr' id='par_1_6' title="bbox 1119 4295 1133 4345">
     <span class='ocr_line' id='line_1_29' title="bbox 1119 4295 1133 4345; baseline 0 0"><span class='ocrx_word' id='word_1_203' title='bbox 1119 4295 1133 4345; x_wconf 84' lang='lat'><strong>3</strong></span> 
     </span>
    </p>
   </div>
   <div class='ocr_carea' id='block_1_5' title="bbox 0 0 1567 5104">
    <p class='ocr_par' dir='ltr' id='par_1_7' title="bbox 0 0 1567 5104">
     <span class='ocr_line' id='line_1_30' title="bbox 0 0 1567 5104; baseline 0 0"><span class='ocrx_word' id='word_1_204' title='bbox 0 0 1567 5104; x_wconf 95' lang='lat' dir='ltr'> </span> 
     </span>
    </p>
   </div>
  </div>
 </body>
</html>
