3134 5104
742 533 790 548 ..
817 494 863 566 80
889 531 937 542 .-

363 644 457 732 Qum
476 645 528 728 ita
543 644 698 746 singulis
712 642 838 744 elegiis
858 667 1011 716 manum
1035 667 1217 716 summam
1240 644 1367 720 deesse

312 778 462 880 liqueat,
476 767 551 854 non
579 778 710 855 dubito
728 779 859 880 saltem
876 777 966 877 quin
986 778 1209 877 completum
1230 778 1275 854 de
1288 776 1364 855 Ne·

312 912 403 988 mesi
416 913 553 988 librum
567 923 756 988 teneamus
770 912 926 989 :etenim
938 937 1115 987 numerus
1125 909 1186 985 ille
1201 913 1366 1014 quinque

311 1074 420 1148 quem
439 1047 610 1123 Tibullus
629 1049 669 1121 in
683 1047 874 1148 partienda
892 1047 1044 1122 materia
1059 1046 1274 1122 sollemnem
1295 1048 1364 1122 ha·

309 1181 392 1257 buit
412 1181 587 1282 (quinque
601 1181 727 1282 elegiae
743 1193 831 1257 sunt
841 1181 886 1256 de
896 1179 1015 1274 Delia3
1043 1180 1205 1281 quinque
1219 1181 1264 1256 de
1280 1181 1364 1258 Sul·

309 1316 425 1415 picia),
435 1315 495 1391 hic
505 1335 580 1392 non
593 1328 731 1392 temere
743 1342 933 1392 occurrere
945 1316 1103 1408 videtur,
1117 1316 1180 1391 sed
1193 1315 1364 1415 perfectae

310 1452 414 1528 seriei
431 1478 508 1529 esse
529 1452 721 1528 indicium.
740 1451 842 1528 Ordo
868 1479 1013 1552 quoque
1033 1452 1238 1527 carminum
1263 1452 1365 1528 idem

311 1589 576 1688 propemodum
587 1588 695 1662 nobis
712 1587 870 1662 traditus
883 1598 953 1682 est,
975 1613 1086 1687 quem
1111 1597 1218 1685 poeta
1239 1589 1363 1686 praefi-

311 1723 466 1798 niverat.
494 1722 555 1797 El.
588 1726 608 1796 1
642 1722 835 1796 manifesto
863 1722 1081 1820 prooemium
1109 1735 1166 1797 est
1194 1719 1364 1796 Nemesis

311 1882 479 1932 amorum
502 1856 560 1953 (cf.
582 1855 679 1948 eli,
703 1860 737 1946 1,
753 1856 797 1930 de
817 1855 960 1953 Delia);
988 1881 1142 1954 sequens
1170 1855 1215 1930 el.
1234 1859 1365 1950 31tum

310 1992 469 2092 quadam
492 1991 654 2066 materiae
679 1977 948 2067 necessitudine
972 2017 1056 2065 cum
1080 1990 1163 2064 el.l
1193 1989 1362 2084 cohaeret,

309 2140 391 2203 tum
406 2153 471 2227 per
486 2126 637 2202 ultimos
655 2152 783 2230 versus
800 2127 928 2225 primis
942 2126 988 2200 el.
1000 2130 1023 2198 4
1037 2123 1204 2199 versibus
1218 2149 1367 2199 annexa

308 2274 378 2337 est.
413 2259 689 2335 Postremarum
718 2259 869 2358 quidem
897 2259 1097 2358 elegiarum
1125 2269 1276 2357 praestat
1303 2284 1363 2333 or·

309 2396 433 2470 dinem
449 2395 628 2469 invertere
645 2424 653 2469 :
668 2394 711 2469 el.
730 2393 849 2493 6jure
869 2420 943 2493 prae
975 2394 1021 2469 el.
1044 2397 1065 2467 5
1091 2404 1260 2492 ponetur,
1287 2419 1365 2469 non

310 2508 430 2605 solum
453 2529 539 2629 quia
567 2530 646 2604 haec
672 2531 850 2628 aptiorem
868 2529 1025 2617 videtur¹
1049 2529 1189 2604 efficere
1216 2528 1366 2627 reliquae

311 2666 415 2742 seriei
431 2663 644 2760 clausulam,
660 2691 790 2739 verum
811 2665 922 2739 etiam
945 2674 1138 2762 propterea
1158 2665 1257 2762 quod
1271 2665 1365 2739 veri·

310 2800 494 2875 simillime
508 2801 547 2873 in
562 2800 632 2874 hoc
649 2782 821 2898 pulchroj
833 2800 895 2873 sed
907 2799 1107 2873 admodum
1121 2799 1366 2899 incomposito

309 2935 467 3011 carmine
500 2934 739 3008 novissimam
770 2934 947 3008 habemus
983 2933 1124 3006 Tibulli
1140 2932 1363 3008 lucubratio-

307 3095 402 3171 nem.
416 3067 591 3166 Alioquin
609 3095 657 3142 ex
668 3068 714 3142 el.
727 3073 747 3141 5
760 3068 845 3142 licet
855 3067 1015 3166 spatium
1024 3067 1199 3166 temporis
1214 3067 1365 3142 definire

308 3206 367 3280 cui
394 3203 622 3278 adscribendi
660 3202 735 3277 sint
780 3201 948 3276 Nemesis
978 3226 1155 3275 amores:
1186 3227 1270 3276 cum
1297 3202 1361 3295 ibi,

308 3364 383 3413 non
412 3337 541 3411 multis
573 3337 762 3411 mensibus
793 3336 1009 3435 priusquam
1033 3336 1164 3426 obiret,
1194 3335 1364 3409 Tibullus

311 3474 495 3572 scripserit
514 3498 551 3547 se
571 3496 589 3544 u
607 3497 781 3546 annum»
804 3473 883 3570 jam
902 3471 954 3569 (1)
981 3471 1183 3569 cupidineis
1209 3471 1292 3544 telis
1306 3471 1362 3568 ja·

311 3724 341 3778 31
359 3740 402 3792 sq.
421 3723 525 3794 spurios
537 3740 596 3777 esee
611 3722 728 3782 credam,
745 3723 784 3777 At
799 3721 940 3789 Baehrens,
956 3739 1061 3792 semper
1074 3721 1102 3774 in
1112 3737 1143 3774 re
1159 3718 1254 3775 critica
1267 3720 1362 3776 immo·

308 3811 395 3879 dicus,
411 3811 548 3866 incudem
563 3812 650 3881 elegia
664 3812 774 3866 Tibullo
788 3811 872 3866 nimio
883 3812 961 3882 plura
975 3811 1108 3870 detrahit.

341 3903 381 3972 (l)
404 3900 488 3956 Miror
509 3902 686 3970 quamobrem
707 3901 827 3972 plerique
847 3901 1010 3971 interpretes
1026 3901 1115 3959 hosv.
1136 3902 1186 3956 109
1200 3917 1240 3970 sq.
1254 3901 1282 3954 in
1296 3916 1360 3970 pro·

310 3991 398 4063 prium
420 4007 525 4045 sensum
542 3991 687 4061 accipiant,
709 3991 822 4062 perinde
836 4008 867 4045 ac
883 3992 906 4045 si
918 3989 951 4045 de
964 4008 1027 4044 vero
1039 3991 1134 4045 morbo
1146 3997 1253 4059 agatur.
1271 3989 1362 4043 Ilnim-

308 4097 380 4149 vero,
398 4079 421 4133 si
436 4079 626 4134 antecedentia
639 4080 797 4152 perlegeris,
815 4079 938 4135 dubitare
958 4097 1074 4150 nequeas
1098 4079 1163 4149 quin
1186 4101 1199 4128 u
1216 4077 1353 4132 morbus»

305 4169 351 4223 ille
370 4192 383 4220 ι(
399 4169 484 4224 saucii
501 4191 514 4218 a
535 4170 638 4225 Tibulli
653 4187 700 4242 pro
717 4188 806 4224 aurore
832 4170 1014 4240 metaphorice
1030 4171 1065 4224 sit
1079 4175 1232 4240 usurpatus.
