3134 5104
767 633 817 644 -
845 597 888 666 76
915 635 965 646 -

339 749 432 822 tum,
459 741 678 816 inconsultae
707 743 943 838 confessionis
960 743 1111 842 paenitet
1124 771 1133 834 ;
1154 757 1230 836 sese
1259 743 1394 829 clamat

337 874 449 947 nimis
472 874 665 972 garrulum
693 900 712 947 u
731 901 796 950 sua
819 877 974 975 pignora
989 875 1156 968 cederes,
1171 877 1249 972 jam
1272 877 1390 950 domi·

338 1030 438 1101 nam,
457 1006 526 1084 hac
539 1033 604 1084 sua
627 1008 878 1085 imbecillitate
907 1010 1047 1103 fretam,
1073 1009 1282 1086 ferociorem
1308 1035 1392 1112 eva·

338 1165 472 1238 suram,
478 1143 560 1242 jam
568 1143 644 1218 fore
655 1153 699 1218 ut
705 1143 860 1219 inertem
875 1169 1022 1219 servum
1037 1167 1056 1216 r
1070 1143 1241 1220 audacius
1254 1154 1338 1219 urat
1347 1167 1388 1219 a.

338 1275 482 1352 Rursus
496 1288 620 1353 tamen
633 1276 678 1352 ad
695 1277 914 1378 obsequium
925 1302 1123 1378 regressus,
1136 1303 1155 1352 r
1170 1288 1258 1354 tuus
1270 1304 1388 1377 usque

336 1413 509 1488 manebo!
528 1437 548 1486 r)
574 1412 708 1512 inquit,
730 1422 914 1512 negatque
942 1438 980 1488 se
1000 1437 1164 1512 unquam
1193 1413 1388 1488 servitium

247 1570 249 1576 ’
335 1546 494 1622 dominae
526 1548 770 1638 deserturum.
797 1543 869 1640 Ita,
893 1559 970 1624 tam
999 1574 1113 1648 parvo
1143 1549 1261 1648 spatio
1292 1575 1388 1624 oom-

335 1682 476 1779 plexos,
501 1695 652 1759 cunctos
674 1682 734 1758 hic
752 1683 863 1759 habes
887 1695 1011 1759 motus
1035 1684 1168 1783 quibus
1194 1693 1385 1758 amantum

334 1828 475 1894 mentes
503 1819 686 1919 exagitari
712 1818 857 1893 solent:
887 1819 1069 1917 cupientis
1097 1819 1385 1897 exsultationem

334 1963 371 2028 et
395 1954 559 2048 timores,
589 1953 780 2029 servientis
800 1953 989 2030 interdum
1014 1953 1201 2050 pudorem,
1226 1954 1381 2054 morige-

335 2089 452 2164 rantis
494 2088 694 2188 ignaviam.
729 2087 863 2162 Forma
902 2099 1026 2163 autem
1063 2114 1247 2187 nusquam
1285 2089 1383 2188 apud

337 2222 529 2297 Tibullum
555 2223 811 2325 praestantior:
836 2221 929 2295 nibil
956 2222 1056 2298 enim
1079 2223 1272 2317 redundat,
1289 2222 1386 2296 nihil

335 2359 427 2433 meri
451 2359 658 2434 ornamenti
686 2383 793 2432 causo
819 2357 988 2433 additum
999 2385 1010 2450 3
1037 2381 1056 2431 r
1079 2358 1257 2432 sermonis
1278 2366 1385 2436 tenor

334 2503 411 2568 tam
430 2492 589 2591 simplex
607 2518 648 2567 ac
662 2518 772 2568 verus
801 2504 856 2567 est
878 2517 988 2590 quam
1008 2517 1100 2585 acer,
1129 2493 1383 2592 unusquisque

332 2652 460 2702 versus
476 2653 586 2703 versu
610 2627 776 2726 sequenti
793 2638 959 2726 augetur,
976 2628 1028 2702 ita
1045 2637 1088 2702 ut
1108 2628 1282 2702 continua
1300 2652 1381 2702 sen·

331 2762 447 2838 tentia
467 2762 507 2836 in
533 2762 733 2837 clarissima
757 2761 837 2836 luce
861 2788 976 2860 usque
1004 2761 1261 2860 progrediatur
1275 2761 1340 2860 (1)
1362 2785 1381 2836 r)

380 2897 440 2972 ΕΙ.
461 2901 506 2971 14
519 2923 594 2972 non
609 2897 754 2972 excedit
775 2897 981 2974 tetrastiehi
994 2897 1086 2972 fines
1102 2897 1225 2995 :quod
1250 2906 1382 2973 tetras-

332 3032 458 3109 tichon
473 3032 652 3132 longioris
678 3031 803 3132 elegiae
833 3031 984 3106 initium
1009 3057 1087 3106 esse
1118 3056 1305 3130 perperam
1332 3031 1379 3106 F.

238 3184 250 3208 ’
333 3169 484 3267 Gruppe
500 3167 551 3265 (2)
569 3168 737 3266 conjecit,
760 3192 827 3266 ego
843 3167 1043 3264 perfectum
1063 3166 1180 3241 habeo
1199 3167 1380 3264 epigram-

332 3303 502 3393 matium,
524 3302 629 3401 quasi
642 3303 789 3377 brevem
809 3301 970 3401 aliquam
992 3301 1149 3376 amantis
1168 3300 1379 3400 suspiratio·

332 3463 429 3532 nem,
444 3464 525 3537 quae
548 3437 717 3512 videlicet
743 3463 827 3511 cum
852 3436 1044 3510 notissimo
1065 3434 1130 3510 1110
1149 3433 1286 3510 Catulli
1305 3435 1381 3511 dis-

329 3571 453 3648 ticho:
470 3569 544 3646 Odi
551 3584 582 3646 et
592 3597 734 3667 amq...
745 3570 884 3669 optime
899 3570 1100 3669 comparari
1115 3579 1247 3669 potest.
1260 3567 1319 3643 El.
1333 3573 1380 3643 14

330 3705 462 3782 autem
476 3705 626 3781 videtur
647 3705 875 3782 antecedenti
893 3705 1133 3804 respondere:
1156 3703 1231 3780 illie
1247 3705 1380 3804 igneus

331 3842 481 3944 quidam
493 3841 789 3940 procellosusque
809 3841 974 3940 spiritus,
994 3840 1053 3917 hic
1081 3839 1267 3917 remissior
1287 3841 1379 3939 tepi-

364 4094 403 4165 (1)
419 4093 447 4152 S,
463 4090 581 4160 Teuffel,
598 4091 647 4146 loc.
665 4094 710 4146 cit.

367 4184 404 4254 (⁶2)
421 4183 482 4235 Imo
493 4179 566 4233 idem
580 4195 628 4232 suo
638 4186 723 4234 marte
733 4181 849 4250 elegiam
864 4181 934 4234 hanc
950 4180 1095 4236 extendere
1110 4187 1137 4234 01
1148 4178 1182 4233 de
1192 4177 1309 4248 Glycera
1324 4186 1379 4236 tres

330 4274 397 4326 alias
413 4269 529 4326 conflare
548 4270 664 4322 tentavit
683 4269 881 4339 :ingeniosum
898 4270 946 4325 sed
958 4270 1082 4324 inutilem
1094 4268 1175 4340 plane
1189 4268 1287 4326 lusum.
