3134 5104
801 563 998 634 -9g„-

365 711 565 786 sentiemus
600 709 754 786 Albium
781 735 799 786 c
828 735 905 788 non
928 710 1040 786 modo
1068 710 1275 790 maximum
1303 710 1423 786 fuisse

362 856 517 943 poetam,
533 869 642 944 quem
655 870 764 921 nemo
780 845 819 920 in
832 846 993 921 romanis
1008 845 1142 922 litteris
1156 845 1297 944 ingenii
1305 847 1419 922 novi-

360 991 445 1074 tate,
471 979 560 1054 artis
584 979 839 1074 concinnitate,
860 981 1012 1078 affectus
1040 979 1239 1056 altitudine
1266 1005 1417 1078 supera·

361 1113 465 1207 verit,
491 1113 554 1214 sed
582 1113 692 1188 etiarn
718 1113 967 1213 singularibus
995 1113 1192 1212 praeditum
1216 1091 1411 1206 illecebris,

362 1247 459 1348 apud
473 1273 582 1348 quem
596 1247 656 1322 vel
670 1248 848 1323 recentior
862 1247 975 1324 lector
989 1273 1027 1324 se
1040 1272 1130 1325 mox
1149 1258 1186 1323 et
1200 1247 1277 1324 sine
1285 1246 1413 1324 labore

361 1381 560 1458 admodum
571 1382 746 1458 intimum
766 1381 874 1458 faciat
890 1406 923 1458 r.

408 1913 597 1991 Hactenus
627 1914 672 1990 de
710 1917 810 2014 poesi
839 1915 1060 1992 Tibulliana.
1090 1915 1144 1992 Ut
1182 1942 1270 1992 vero
1310 1918 1405 2015 jam,

356 2050 501 2127 omissis
530 2050 639 2125 rebus
663 2049 708 2124 ad
732 2061 848 2151 poetae
867 2051 984 2128 vitam
1007 2051 1287 2151 pertinentibus,
1305 2052 1406 2126 colli-

354 2196 492 2285 gantur
511 2185 670 2260 breviter
691 2211 772 2284 quae
798 2186 897 2262 hisce
918 2185 1070 2288 pagellis
1096 2183 1290 2284 disquisita
1314 2186 1402 2278 sint,

355 2319 572 2397 concludere
589 2320 737 2396 videtur
758 2351 768 2396 ι

407 2458 441 2527 1ο
457 2452 643 2530 Continuo
658 2465 742 2552 port
757 2454 803 2530 el.
822 2453 851 2548 Ι,
867 2458 926 2546 10,
943 2455 1124 2554 imprimis
1141 2457 1400 2557 conscriptm

354 2586 513 2679 Deliam,
527 2598 685 2688 nuptam
702 2589 863 2688 puellam
868 2616 910 2685 ,a
928 2589 1077 2664 Tibullo
1091 2591 1311 2670 celebratam
1326 2617 1403 2668 erse

353 2722 515 2822 quinque
529 2723 675 2823 elegiis3
689 2723 735 2798 iis
747 2724 896 2823 quidem
910 2724 1074 2824 legendis
1087 2727 1294 2804 secundum
1304 2727 1398 2802 ordi·
1549 2723 1550 2787 l

352 2883 462 2934 nem:
476 2857 507 2950 Ι,
526 2862 557 2952 1,
572 2859 609 2950 2,
629 2863 667 2954 3,
681 2862 714 2953 5,
740 2863 775 2952 6,
793 2860 890 2936 unde
912 2859 1077 2958 legitima
1103 2862 1259 2958 pendeat
1282 2845 1399 2938 totius

352 2991 494 3068 fabellae
508 2991 719 3091 explicatio.

404 3125 439 3199 2⁰
457 3124 600 3200 Deinde
613 3126 653 3200 in
669 3123 880 3202 Marathum
897 3153 1053 3225 puerum
1067 3139 1140 3204 tres
1167 3130 1212 3204 el.
1227 3127 1260 3217 Ι,
1276 3135 1311 3226 4,
1327 3134 1359 3226 8,
1377 3135 1400 3206 9

353 3260 535 3336 conditas.
554 3259 735 3336 —Paulo
755 3271 840 3360 post
856 3261 1025 3362 Sulpiciae
1045 3273 1081 3340 et
1096 3261 1261 3340 Cerinthi
1287 3263 1392 3362 (Oor-
1547 3275 1548 3293 ¹

354 3395 439 3470 nuti
454 3394 485 3493 l)
502 3420 641 3508 amores
654 3396 816 3496 quinque
829 3395 993 3497 elegidiis
1016 3396 1100 3498 (IV,
1119 3401 1185 3472 2·ss
1197 3409 1403 3516 gpraeterea

355 3527 407 3625 H,
423 3527 458 3630 2)
474 3530 686 3606 adumbrari
705 3542 857 3631 creptos.
897 3553 900 3560 ·

358 3729 360 3734 ,
406 3667 442 3739 30
458 3664 599 3741 Eadem
613 3666 879 3764 propemodum
898 3676 1005 3742 aetate
1027 3664 1184 3766 elegidia
1205 3666 1275 3762 IV,
1290 3671 1335 3744 13
1362 3678 1401 3743 et

355 3803 401 3876 14
428 3801 634 3901 conscripta
650 3804 695 3878 de
717 3803 846 3904 ignota
857 3802 1015 3902 quadarn
1041 3801 1169 3893 amica,
1184 3829 1266 3902 quea
1280 3803 1395 3879 Hora·

350 3936 459 4014 tianae
484 3934 649 4036 Glycera
667 3939 905 4038 probabiliter
922 3937 1171 4014 assimuletur.

397 4077 435 4145 4⁰
459 4070 624 4148 Tandem
648 4074 837 4149 succedere
856 4073 1017 4172 quinque
1043 4072 1091 4146 el.
1112 4069 1165 4162 ll,
1188 4074 1222 4160 1,
1247 4075 1282 4163 3,
1298 4075 1332 4164 4,
1363 4075 1395 4163 6,

353 4211 373 4280 5
392 4207 436 4280 de
455 4205 617 4297 Nemesi,
633 4179 802 4306 suprema
815 4210 929 4283 amica
942 4237 952 4300 ;
967 4231 1047 4304 quae
1062 4206 1208 4302 quidem
1222 4205 1392 4298 carmina,
