3134 5104
772 465 970 536 „ffi-

494 610 544 676 'l'n
557 629 658 676 manu
668 629 708 676 ne
718 610 794 678 rude
806 631 898 684 meon.
915 611 1065 694 neopum
1076 613 1180 678 mimir

556 728 707 802 Orioibur,
720 729 930 805 -οῠέαιιιὺ,
945 729 1044 800 Deua.
1052 729 1244 812 permunitis.

1021 842 1240 907 (Μῴιωηᾼ

740 949 981 962 *-

334 1055 395 1132 vel
412 1056 524 1134 etium
534 1055 635 1140 illie:

497 1261 582 1339 Quoi
594 1269 646 1327 om
659 1281 741 1330 nuno
751 1265 813 1329 Iris
825 1268 910 1342 mibi,
924 1266 1021 1339 Delia,
1039 1300 1076 1312 -
1089 1269 1162 1348 quid
1172 1267 1243 1328 mibi
1255 1269 1386 1347 prosunt

552 1379 572 1446 1
574 1382 615 1446 ila
629 1389 682 1446 tua
693 1381 805 1448 tobiene
819 1403 879 1448 oro
891 1384 1008 1466 repulsa
1022 1385 1139 1448 manui

1033 1499 1241 1564 stiufflmi

491 1737 570 1818 Iroso
581 1741 667 1801 melio
681 1740 792 1802 dubunt
804 1759 934 1820 quercus,
953 1777 991 1788 -
1003 1741 1280 1824 ultroqueserebuot

557 1854 654 1919 Obvia
667 1856 778 1918 securis
792 1858 883 1920 ubero
898 1859 980 1920 iuriis
994 1875 1068 1920 oues.

1007 1974 1094 2038 (run,
1110 1988 1133 2023 v.
1147 1975 1178 2022 u
1193 1971 1242 2036 sq.)
1288 2029 1291 2035 Α

736 2071 979 2084 m—

335 2227 527 2306 Postremo
558 2257 790 2334 nequaquam
817 2233 896 2310 sine
921 2235 1001 2333 iege
1030 2232 1187 2307 disticha
1214 2231 1310 2306 inter
1341 2257 1381 2306 se

334 2377 586 2461 conseruntur,
612 2394 743 2443 verum
768 2368 906 2443 Tibulli
932 2379 987 2443 est
1008 2392 1049 2442 ea
1077 2365 1292 2465 plerumque
1309 2366 1387 2439 tri-

330 2499 417 2597 plici
438 2501 528 2576 serie
554 2513 742 2578 conectere
754 2533 763 2595 3
781 2503 880 2604 quod
904 2503 1024 2600 primo
1052 2500 1188 2576 obtutu
1214 2511 1382 2598 apparet,

330 2635 490 2732 exempli
512 2639 644 2736 gratia,
668 2639 706 2710 in
734 2637 779 2712 el.
801 2636 1058 2729 I,1v.59-64
1086 2633 1151 2730 (Te
1173 2647 1385 2733 spectem-

276 2804 279 2811 ·
328 2767 446 2844 Flebis
461 2812 511 2825 —-
530 2770 680 2868 Fleuo),
696 2771 743 2844 el.
762 2770 795 2860 I,
821 2775 841 2844 2
868 2798 905 2844 v.
923 2771 1013 2844 7-12
1030 2767 1169 2857 (Jaoua
1191 2811 1239 2822 -
1253 2767 1380 2843 Jooua

329 2943 376 2959 -
390 2903 553 3001 Etmalo)
574 2914 611 2979 et
628 2930 665 2979 v.
686 2907 796 2978 17-22
814 2903 900 3004 (iiio
920 2947 968 2960 -
982 2903 1061 2978 Ilia
1085 2946 1133 2958 -
1156 2901 1259 3001 Illa),
1278 2903 1322 2978 ei.
1350 2901 1380 2996 J,

331 3039 362 3110 3'
378 3063 416 3110 v.
434 3039 542 3112 89-94
567 3037 674 3134 (Tum
689 3081 737 3096 -
760 3038 849 3112 Tum
871 3036 1040 3136 -Hoe),
1058 3037 1104 3112 el.
1122 3036 1155 3129 I,
1172 3041 1193 3112 5
1212 3065 1250 3112 v.
1268 3042 1380 3112 11-16

331 3167 489 3270 (Ipeo-
503 3171 586 3270 Ipse
600 3171 752 3272 -Ipee)
766 3183 853 3247 etv.
870 3176 958 3246 654
962 3177 983 3248 0
999 3172 1160 3272 (Pauper
1174 3213 1224 3230 -
1236 3171 1381 3274 Pauper

330 3349 377 3363 -
403 3304 578 3406 Pauper),
609 3305 653 3380 el.
681 3305 714 3397 I,
745 3311 765 3380 6
792 3334 829 3382 v.
852 3310 963 3382 81-86
990 3307 1113 3403 (Hane
1135 3347 1183 3364 ··-
1200 3307 1311 3384 Hane
1331 3349 1382 3364 -·

328 3438 444 3538 Hoc),
478 3440 524 3517 el.
543 3438 576 3531 Ι,
602 3443 644 3515 10
673 3466 710 3515 v.
739 3444 851 3516 45-50
881 3439 1033 3540 (Interea
1050 3467 1127 3540 pau
1152 3484 1201 3496 -
1231 3441 1379 3517 Pau-

325 3572 446 3673 Poce),
462 3564 552 3666 eic.;
568 3574 667 3672 quod
680 3575 754 3648 imo
773 3575 995 3673 perspicitur
1016 3600 1063 3648 ex
1079 3575 1227 3674 integro
1254 3574 1379 3675 elegiae

325 3705 358 3791 Ι,
383 3711 404 3781 2
433 3718 572 3799 tenore,
600 3735 682 3808 quae
707 3709 829 3784 indeo
851 3736 886 3784 v.
903 3713 947 3782 35
973 3733 1089 3808 usque
1112 3709 1209 3784 adv.
1230 3713 1275 3784 70
1291 3735 1376 3786 oon·

329 3843 436 3917 tinuo
456 3841 495 3915 in
511 3853 614 3918 terna
627 3843 784 3920 disticho
802 3843 919 3920 dividi
946 3853 1082 3940 potest.

378 3975 439 4051 Ita
459 3977 660 4052 efformatis
684 3979 841 4078 singuiis
869 3977 1072 4054 carminum
1092 3978 1269 4076 portibus,
1298 4003 1376 4053 non

327 4111 506 4186 minorem
520 4110 781 4188 admirabimur
800 4115 838 4188 in
852 4113 981 4190 iisdem
1000 4111 1239 4209 disponendis
1261 4138 1374 4211 oppo-
