3134 5104
628 603 673 618 ...
699 567 745 636 43
771 605 821 616 ..

203 711 337 804 dicam,
353 738 526 810 personas
540 714 709 788 amatorii
727 714 825 788 illius
845 713 1021 789 dramatis
1036 717 1134 814 quod
1150 717 1254 817 quin-

204 869 278 943 que
301 844 426 946 elegiis
445 847 581 947 agitur.

260 982 330 1060 Sed
371 983 586 1083 priusquam
636 983 755 1082 ipsam
800 983 962 1059 fabulam
999 983 1255 1076 edisseramus,

204 1118 362 1193 maximi
374 1117 553 1192 momenti
569 1127 625 1192 est
642 1118 688 1193 de
708 1144 795 1193 vero
820 1119 1019 1218 elegiarum
1042 1119 1169 1196 ordine
1193 1127 1256 1194 ari·

206 1251 368 1350 quirere:
386 1278 471 1326 cum
490 1262 565 1326 tres
584 1253 822 1350 potissimum
836 1253 1033 1328 ordinandi
1059 1254 1219 1329 rationes
1238 1280 1259 1328 a

206 1384 325 1460 doctis
340 1369 429 1460 biris
448 1387 645 1485 propositae
668 1387 753 1481 sint,
778 1387 909 1462 Oarolo
933 1387 1151 1463 Lachmann
1183 1399 1258 1464 sta·

206 1530 335 1594 tuente
348 1519 393 1594 el.
409 1517 444 1610 I,
466 1523 500 1592 3.
521 1523 554 1594 l.
574 1521 607 1593 2.
625 1524 659 1594 5.
678 1525 698 1591 6
716 1518 777 1619 (1),
793 1521 889 1596 Lud.
905 1520 1041 1596 Dissen
1058 1520 1087 1616 I,
1109 1525 1140 1597 1.
1159 1525 1195 1596 3.
1219 1526 1253 1596 5.

204 1657 241 1728 2.
259 1657 292 1746 6,
308 1654 408 1728 AEm.
420 1653 598 1728 Baehrens
614 1653 839 1752 simpliciter,
856 1655 1060 1730 seeundum
1078 1656 1259 1731 librorum

206 1788 436 1884 scripturam,
450 1785 480 1880 I,
500 1791 533 1861 1.
551 1788 586 1860 2.
611 1789 646 1862 3.
664 1791 700 1861 5.
719 1791 740 1861 6
776 1787 964 1887 ipsiusque
979 1789 1031 1864 rei
1045 1789 1257 1888 explicatio·

205 1945 292 1996 nem
307 1920 418 1996 aliam
432 1919 540 1995 aliter
556 1920 725 1994 ordinata
740 1921 903 1995 carmina
917 1921 1092 1996 efficiant.

257 2055 581 2130 Lachmannianus
602 2055 705 2150 ordo,
724 2055 769 2130 ab
789 2054 835 2132 0.
850 2056 1003 2131 Richter
1025 2066 1063 2131 et
1076 2055 1116 2130 J.
1138 2054 1259 2155 Soury

206 2201 385 2290 receptus,
403 2190 550 2266 defendi
563 2200 687 2265 tamen
702 2190 769 2264 vix
790 2200 914 2288 potest
931 2220 941 2266 z
957 2216 1068 2292 nemo
1082 2191 1181 2266 enim
1200 2186 1259 2264 lit'-

203 2336 357 2420 temtus,
367 2325 567 2425 pervolutis
576 2325 842 2425 aliquantisper
855 2324 994 2401 Tibulli
1008 2325 1173 2424 scriptis,
1192 2325 1258 2398 du·

205 2460 342 2536 bitabit
366 2462 457 2560 quin
482 2461 688 2536 carminum
715 2459 761 2534 de
788 2458 895 2534 Delia
920 2461 1028 2535 series
1047 2460 1093 2534 ab
1119 2459 1165 2534 el.
1188 2455 1256 2554 1,1

206 2594 359 2670 initium
374 2596 504 2693 capiat,
527 2619 748 2694 nequaquan
763 2594 809 2668 ab
832 2594 878 2668 el.
895 2592 926 2684 I,
950 2598 971 2667 3
1001 2619 1113 2692 quam
1141 2591 1258 2666 Lach-

206 2753 321 2804 mann
334 2729 492 2828 primam
505 2754 582 2803 esse
596 2727 727 2803 voluit.
742 2727 894 2803 Etenim
906 2728 960 2802 ita
976 2727 1054 2802 haec
1066 2754 1114 2802 ex
1126 2727 1258 2826 abrups

206 2873 249 2937 to
280 2862 426 2961 incipit,
459 2874 502 2938 ut
529 2872 638 2961 poeta
666 2887 772 2960 aeger,
800 2862 839 2936 in
867 2861 1026 2960 Corcyra
1052 2861 1258 2953 derelictus,

208 2995 374 3073 Messala
386 2998 544 3074 tristiter
550 2997 741 3092 valedicat,
758 3009 954 3096 urgentem
963 3008 1121 3071 mortem
1133 2996 1259 3096 depre-

206 3116 319 3228 cetur,
335 3133 422 3208 hinc
446 3133 525 3232 pias
551 3145 726 3233 queratur
758 3133 882 3207 abesse
906 3131 1103 3206 mulierum
1127 3151 1260 3204 manus

207 3294 289 3367 quae
308 3293 479 3367 suprema
491 3268 563 3342 sibi
582 3266 729 3343 solvant
739 3297 749 3362 ;
766 3268 860 3342 inde·
872 3266 1058 3342 exclamat
1076 3294 1085 3339 ε
1106 3295 1122 3331 c
1148 3263 1274 3356 Delia

206 3429 282 3478 non
296 3429 527 3504 usquam...»
546 3402 618 3478 Sed
630 3429 799 3502 quaenam
813 3405 862 3478 sit
873 3401 1065 3492 illaDelia,
1075 3399 1260 3500 quomodo

208 3550 350 3639 apoeta
364 3539 435 3615 coli
447 3539 616 3636 coeperit:
635 3565 753 3639 neque
765 3539 885 3614 adhuc
897 3537 1018 3612 edocti
1036 3561 1174 3628 sumus,
1193 3559 1260 3609 nec

208 3673 445 3772 sequentibus
469 3672 638 3748 versibus
657 3674 871 3764 edocemur3
897 3669 1087 3767 extemplo
1105 3667 1258 3767 proripi-

208 3833 293 3884 mur
314 3807 387 3882 «in
403 3807 542 3882 medias
567 3834 672 3903 res»,
694 3808 792 3908 quod
820 3832 907 3905 epos
932 3830 1028 3898 sane,
1057 3813 1096 3878 at
1124 3802 1259 3896 minus,

209 3941 327 4037 credo,
343 3940 498 4042 elegiam
514 3941 628 4036 decet,
650 3940 749 4040 quod
771 3939 903 4016 saltem
922 3936 1133 4014 Tibulliano
1157 3936 1258 4035 inge·

246 4148 286 4219 (t)
298 4147 349 4204 ΕΙ.
358 4146 382 4217 Ι,
396 4147 423 4216 4,
440 4145 603 4200 carminibus
623 4146 657 4200 de
674 4145 756 4201 Delia
767 4143 922 4214 interjecta,
936 4142 1055 4214 pertinet
1067 4147 1102 4195 ad
1116 4138 1210 4194 seriem
1226 4137 1260 4192 de

209 4236 335 4294 Maratha
348 4253 409 4308 quae
423 4235 497 4290 infra
514 4235 707 4309 explicabitur.

1139 4321 1155 4371 4
