3134 5104
603 593 649 608 ..
678 551 724 626 73
749 595 799 608 ..

169 711 309 804 notum
335 703 462 782 Ovidii
489 692 675 780 distichon
702 701 845 800 (Amor,
863 700 941 798 III,
960 707 992 796 9,
1009 705 1054 777 31
1071 703 1145 805 sq.)
1160 702 1224 780 ubi

170 837 259 914 duae
287 837 549 916 tautummodo
574 835 713 912 Tibulli
742 836 902 913 dominae
933 834 1224 936 significantur:

198 1115 202 1121 ¹*
275 1085 326 1151 Sic
338 1086 475 1151 Nemesis
487 1087 622 1168 longum,
633 1085 676 1149 sic
690 1083 778 1150 Delia
788 1104 897 1150 nomeu
909 1037 1085 1162 habebunb,
1215 1105 1222 1114 “

335 1202 443 1296 Altera
454 1221 527 1268 cura
537 1219 652 1275 recens,
664 1202 757 1266 altera
768 1202 881 1285 primus
892 1221 986 1268 amor.
1124 1243 1126 1250 ι

175 1495 326 1575 Etenim
358 1523 444 1574 cum
478 1498 524 1574 ad
555 1496 693 1575 Tibulli
717 1521 852 1599 rogum
877 1521 1058 1576 accersere
1091 1499 1228 1576 amicas

180 1629 336 1710 Ovidius
355 1633 498 1733 poetico
517 1633 672 1709 artificio
690 1632 928 1730 vellet'certe
941 1656 1016 1709 non
1035 1645 1231 1734 opus'erat

173 1777 218 1842 ut
241 1778 392 1844 cunctas
419 1746 497 1844 sine
522 1769 667 1845 delectu
680 1779 922 1865 enumeraret,
953 1769 1029 1847 imo
1051 1767 1145 1844 solas
1172 1769 1229 1845 in·

176 1901 307 1978 ducere
331 1901 477 1978 Deliam
501 1927 543 1978 ac
571 1899 771 1998 Nemesim,
790 1902 994 2003 praecipuas
1024 1903 1164 1981 scilicet
1188 1916 1226 1981 et

176 2047 371 2134 extremas,
386 2035 506 2114 multo
525 2036 712 2138 lepidioris
736 2038 825 2113 artis
846 2048 934 2114 erat.
953 2037 1062 2132 Quod
1075 2048 1161 2115 vero
1173 2066 1222 2116 ex

178 2169 360 2249 Ouidiano
376 2172 537 2273 epicedio
549 2171 764 2249 concludere
789 2171 884 2266 licet,
899 2183 1007 2272 poeta
1027 2171 1221 2274 Glyceram

176 2303 282 2382 Delia
292 2306 543 2406 posteriorem,
559 2307 718 2407 priorem
731 2305 881 2383 Nemesi
899 2307 1049 2382 amavit.

225 2440 403 2517 Protinus
424 2452 622 2542 quaeretur,
637 2441 727 2542 quid
745 2441 792 2518 de
813 2441 889 2518 illis
903 2468 996 2544 quos
1010 2453 1116 2518 notat
1141 2442 1225 2519 Ho-

176 2573 293 2650 ratius
322 2575 627 2652 «miserabilibus
651 2575 796 2676 elegis»
823 2575 961 2652 factum
985 2577 1062 2652 sit?
1079 2576 1168 2669 Eos,
1183 2584 1230 2653 ut'

176 2719 285 2806 putat
300 2708 520 2812 Hertzberg,
540 2711 688 2811 penitus
700 2711 860 2812 periisse,
873 2736 1005 2810 parum
1018 2711 1228 2810 probabile:⁴

176 2845 380 2943 prasertim
412 2846 443 2921 si
455 2845 666 2922 memineris
684 2855 775 2946 quot
792 2843 990 2920 tibulliana
998 2844 1058 2920 vel
1072 2845 1230 2944 pseudo-

175 2977 372 3056 tibulliana
393 2978 554 3055 carmina
586 2988 730 3054 servata
770 2978 847 3053 sint
878 2977 1048 3078 editaque
1071 2953 1157 3079 post
1168 2976 1229 3054 de·

176 3111 346 3189 fuuctum
384 3123 542 3212 poetam.
580 3111 669 3189 Ideo
705 3111 908 3188 necessario
936 3112 1045 3189 nobis
1070 3114 1226 3191 venitin

175 3256 340 3322 mentem
375 3246 619 3347 elegidiorum
637 3245 692 3320 Ι13
729 3256 767 3321 et
789 3248 835 3319 14
866 3244 951 3320 libri
979 3247 1114 3346 quarti,
1145 3275 1228 3349 quae

175 3379 324 3456 nullum
335 3379 498 3457 mulieris
505 3405 641 3456 nomen
651 3378 863 3479 praefcrunt.
878 3377 913 3454 N
916 3379 1061 3454 annulli
1079 3382 1228 3481 quidem

176 3514 310 3616 elegias
327 3517 373 3590 13
388 3524 426 3591 et
441 3519 487 3590 14
502 3515 549 3590 ad
564 3512 709 3590 Delium
727 3514 830 3612 (nam
843 3513 889 3589 de
906 3513 1053 3591 Nemesi
1076 3517 1138 3616 agi
1150 3543 1227 3594 non

175 3651 313 3749 potest)
334 3650 467 3727 referre
481 3651 685 3727 voluerunt
702 3648 876 3749 (Passow,
890 3647 1090 3750 Dieterich)
1104 3651 1229 3752 3quasi

182 3793 300 3884 poeta,
316 3785 488 3862 concluso
498 3785 573 3885 jam
587 3785 707 3887 primo
726 3782 926 3882 elegiarum
949 3781 1058 3871 libro,
1088 3807 1230 3860 novum

176 3917 223 3996 de
264 3917 371 3996 Delia
396 3919 534 3998 librum
563 3922 610 3998 ab
623 3921 723 3998 hisce
760 3917 984 3996 carminibus
1013 3919 1229 4018 incepturus

177 4051 310 4147 fuerit3
325 4081 435 4156 quem
445 4081 640 4156 nunquam
653 4053 805 4154 posthac
828 4052 1028 4129 absolverit
1051 4054 1228 4154 cujusque

177 4187 351 4288 reliquias
382 4192 604 4269 carminibus
629 4191 714 4266 libri
753 4187 810 4268 IV
838 4228 888 4246 -
914 4189 1136 4288 quibuscum
1151 4188 1240 4267 haec'
