3134 5104
761 608 808 624 ..
837 570 882 643 72
908 610 954 626 -

330 717 456 795 lierem
484 715 643 814 (Dissen,
673 717 840 820 Gruppc,
868 719 1087 822 Hertzberg,
1115 719 1268 816 Teuffel,
1293 721 1381 822 etc.)

331 849 538 954 opinantes.
558 849 615 930 De
633 851 740 929 Delia
766 879 864 951 vere,
879 881 966 932 curn
986 855 1079 932 illud
1107 855 1254 934 Horatii
1285 880 1305 932 c
1315 858 1381 956 ju-

331 987 415 1065 nior
430 988 518 1064 laesa
541 987 735 1088 praeniteat
749 988 823 1064 fide
839 1011 858 1062 a
877 988 938 1088 (cf.
953 987 1000 1066 el.
1019 988 1053 1086 l,
1065 994 1097 1090 6,
1111 1017 1147 1066 v.
1165 994 1210 1067 17
1226 1017 1307 1093 sqq.
1334 991 1382 1067 de

327 1122 528 1222 juvenibus
546 1121 704 1216 amasiis)
726 1148 802 1197 non
815 1121 869 1198 ita
885 1121 980 1199 male
997 1150 1083 1199 cum
1111 1123 1250 1202 Tibulli
1270 1125 1379 1202 dictis

331 1268 525 1358 congruat,
540 1255 704 1357 alioquin
730 1267 766 1334 et
784 1255 1006 1334 vocabulum
1024 1283 1043 1335 a
1059 1258 1213 1335 immitis
1228 1283 1266 1356 a,
1278 1260 1378 1364 quod

330 1389 436 1466 nullo
465 1415 631 1491 unquam
670 1363 804 1467 modo¹
829 1389 945 1468 Deliae
983 1393 1227 1488 conveniam
1262 1392 1382 1494 ipsius

330 1523 490 1603 nominis
533 1525 699 1603 condicio
747 1525 889 1623 (Gltctrt
925 1553 992 1627 pro
1024 1532 1124 1620 Delta)
1161 1528 1380 1628 conjecturae

328 1685 476 1736 omnem
485 1659 562 1737 veri
577 1658 733 1760 speciem
743 1659 886 1737 adimit.
899 1659 1067 1737 Nemesis
1081 1662 1231 1762 quidem
1242 1687 1378 1738 nomen

210 1899 212 1902 Ι
325 1795 499 1894 prosodia
537 1795 626 1871 satis
657 1805 741 1894 apte
777 1795 933 1894 quadrat
964 1798 1119 1896 (Ncmcsts
1136 1829 1186 1864 =
1204 1797 1377 1894 Glyceram

325 1929 447 2031 'neque
487 1930 646 2006 absurda
683 1929 946 2006 commentatio
986 1941 1041 2006 est
1077 1957 1149 2031 qua
1190 1928 1379 2008 Dieterich

329 2063 491 2165 explicat
506 2064 553 2140 ab
566 2063 723 2140 Horatio
737 2075 776 2142 et
797 2091 818 2140 a
836 2063 985 2141 Tibullo
1013 2065 1180 2142 eamdem
1202 2065 1379 2143 feminam

328 2198 439 2275 variis
467 2198 721 2299 cognomentis
754 2197 941 2298 designari
982 2200 1166 2298 potuisse3
1204 2195 1372 2300 insuper,

327 2332 496 2433 quamvis
509 2357 625 2431 rapax
637 2331 698 2438 ,vel
710 2358 819 2407 avara
830 2333 1034 2433 praesertim
1050 2333 1202 2440 dicenda
1217 2333 1276 2427 sit,
1291 2335 1378 2433 jure

324 2448 365 2544 ¹et
380 2492 399 2543 s
414 2445 569 2542 immitis
589 2451 830 2568 »nuncupari
844 2439 965 2570 potest
982 2465 1071 2566 (vid.
1088 2469 1133 2544 cl.
1149 2467 1234 2565 II,4
1253 2475 1290 2545 et
1309 2467 1343 2569 6)
1364 2497 1375 2544 z

327 2626 467 2692 verum,
495 2627 580 2676 cum
619 2587 745 2676 eadem
773 2627 795 2676 a
823 2601 974 2677 Tibullo
1004 2599 1181 2678 meretrix
1218 2593 1375 2702 vulgata

326 2737 571 2837 perhibeatur,
596 2735 663 2810 vix
688 2736 795 2813 video
819 2736 906 2836 quid
930 2737 1156 2813 claesafides
1171 2761 1201 2816 r).
1219 2737 1278 2812 hie
1305 2737 1374 2812 sibi

324 2872 417 2948 velit
426 2900 437 2966 ;
455 2881 493 2947 et
502 2870 564 2945 ille
574 2869 707 2947 saltem
726 2870 865 2946 Tibulli
880 2870 1005 2972 riualis
1031 2872 1136 2947 nullo
1159 2859 1272 2948 modo
1285 2895 1304 2946 a
1312 2871 1374 2971 ju·

324 3007 442 3083 nicrr
460 3006 533 3080 dici
548 3004 665 3104 possit
686 3002 747 3104 (1),
763 3006 1095 3106 quandoquidema
1115 3006 1265 3082 Tibullo
1277 3007 1375 3104 jasci-

327 3142 449 3244 pimus
465 3140 525 3241 (el.
540 3138 593 3235 II,
610 3138 648 3238 3)
663 3137 832 3216 Nemesis
852 3141 1033 3217 amasium
1054 3141 1149 3216 nihil
1171 3142 1269 3218 aliud
1297 3168 1375 3218 esse

325 3303 438 3378 quam
450 3275 648 3352 barbarum
662 3284 699 3374 et
724 3274 863 3349 foedum
887 3275 1087 3369 hominem,
1112 3277 1286 3373 nummis,
1298 3302 1375 3352 non

322 3413 479 3512 juventa
494 3409 762 3510 praenitentem.
776 3406 909 3510 Igitur,
934 3438 1050 3513 quum
1068 3407 1226 3510 Glycera
1247 3421 1375 3488 nostra

323 3569 392 3622 nec
417 3543 543 3639 Deliae,
564 3541 807 3618 nec'Nemcsi
832 3545 1039 3620 assimulari
1061 3531 1201 3641 debeat,
1228 3533 1374 3623 necesso

325 3691 381 3758 est
406 3689 449 3755 ut
469 3675 580 3755 tertia
602 3657 909 3754 mulier'intcrim
935 3706 957 3755 a
989 3677 1138 3754 Tibullo
1163 3662 1224 3755 'sit'
1237 3690 1372 3758 amata:

324 3813 454 3916 Neque
477 3814 591 3909 obest,
616 3813 715 3913 quod
744 3839 934 3914 perperam
962 3815 1151 3893 contendit
1182 3815 1372 3909 Baehrensi

323 4039 330 4050 ’
360 4029 399 4104 (t)
414 4013 574 4100 Quanquam
593 4043 648 4082 non
676 4043 781 4098 semper
793 4033 885 4100 potest
902 4028 1016 4100 Glycera
1034 4045 1083 4102 pro
1101 4027 1225 4086 Neawsis
1245 4025 1311 4102 poni
1327 4031 1373 4103 ⁸(v.

325 4137 367 4190 gr.
385 4121 529 4180 {Nemesis
544 4115 624 4189 mea).
645 4117 698 4172 Sed
716 4117 794 4189 parvi
816 4119 869 4174 hoc
891 4118 1006 4176 interest
1022 4136 1029 4177 ι
1043 4118 1083 4178 ct.
1107 4118 1181 4193 apud
1203 4119 1373 4193 Propertium

325 4227 424 4268 nomen
439 4209 557 4281 Cynthia
566 4223 614 4277 pro
629 4207 725 4263 Hostia
739 4214 907 4281 usurpatum.
