3134 5104
654 555 700 574 ...
726 517 772 588 51
804 555 848 571 .-

225 659 314 738 Non
333 664 394 740 sic
413 690 539 740 amans
556 665 566 740 1
585 665 648 742 ille
672 665 848 742 rusticam
865 663 1091 765 pauperiem
1112 663 1275 764 diligere,

223 797 426 880 dummodo
441 801 558 876 amica
582 801 773 877 fruatur...
791 800 907 875 Plane
921 802 1076 901 hujusce
1101 800 1280 898 eloquens,

222 933 285 1007 tiae
305 935 381 1008 vim
407 934 634 1035 intellegent,
653 935 717 1034 qui
745 939 944 1033 pernovere
971 960 1082 1035 quam
1109 931 1276 1009 femineis

221 1067 408 1150 mentibus
434 1069 554 1145 odisse
575 1069 709 1161 virum,
723 1070 815 1144 bene
834 1070 927 1145 velle
948 1070 1088 1145 amanti
1115 1067 1278 1145 finitima

221 1227 300 1284 esse
317 1201 472 1277 soleant.
500 1202 559 1278 Sic
579 1201 685 1279 Delia
707 1204 880 1278 omnibus
901 1203 1043 1278 artibus
1069 1202 1275 1296 conciliata,

219 1335 315 1442 nihil
322 1336 568 1434 adjiciendum
581 1337 731 1413 Tibullo
745 1349 923 1438 superest,
935 1339 1007 1414 nisi
1022 1338 1123 1438 quod
1138 1338 1278 1414 caelites.

219 1469 320 1568 ipsos
350 1471 389 1544 in
426 1496 510 1546 suas
542 1483 663 1570 partes
691 1473 840 1548 trahat:
868 1473 952 1549 ideo
977 1499 1114 1573 magna
1143 1473 1272 1548 Venus

219 1582 350 1680 oratur
383 1617 426 1680 ut
462 1619 640 1706 perpetuo
679 1608 918 1708 piissimoque
960 1608 1096 1684 cultori
1114 1607 1272 1708 ¹parcat3

218 1739 413 1840 lepidoque
435 1743 597 1840 quodam
626 1769 823 1842 progressu
848 1769 1003 1839 carmen,
1020 1745 1089 1819 ubi
1112 1745 1274 1843 primum

220 1873 395 1958 inanimae
404 1874 509 1970 10100,
524 1875 656 1950 deinde
668 1887 788 1951 amata
802 1877 938 1952 femina
951 1876 1170 1975 compellata
1179 1887 1271 1970 emt,

222 2008 318 2083 diva
331 2009 562 2085 invocatione
581 2010 825 2085 concluditur.
1070 2015 1073 2022 '

273 2142 456 2218 Mensium
483 2143 624 2243 aliquot
654 2143 817 2242 spatium
842 2143 902 2219 hic
924 2144 1083 2243 interjici
1109 2155 1268 2244 oportet,

223 2277 415 2376 dequibus
430 2289 536 2377 poeta
551 2279 676 2355 siluit:
696 2279 846 2379 quippe,
863 2278 975 2354 elusis
989 2279 1140 2378 tandem
1158 2277 1271 2353 Deliae

224 2413 462 2506 custodibus„
479 2413 588 2514 plena
615 2415 750 2515 gaudia
781 2415 1002 2514 potiebatur.
1019 2413 1110 2490 Mox
1132 2425 1272 2506 tamen,

223 2549 374 2622 fortasse
390 2548 529 2637 minus,
546 2560 589 2624 ut
601 2551 659 2636 fit,
677 2575 853 2649 possessae
868 2573 981 2650 quam
1000 2550 1134 2647 cupitae
1155 2549 1271 2624 domi·

222 2708 279 2756 nae
309 2665 507 2757 adstrictus
527 2681 765 2783 Messalasque
788 2683 948 2758 nimium
971 2684 1149 2782 rogitanti
1170 2683 1274 2759 obse·

224 2827 340 2910 cutus,
364 2842 514 2916 pergere
542 2843 627 2891 cum
653 2843 695 2893 00
723 2817 763 2890 in
783 2817 915 2892 Asiam
937 2819 1056 2917 coepit,
1078 2818 1275 2918 ingruente

221 2950 350 3024 morbo
365 2949 464 3024 solus
480 2950 656 3026 remansit
668 2951 707 3024 in
719 2949 888 3050 Corcyra,
900 2951 1000 3026 unde
1015 2977 1053 3026 se
1077 2951 1124 3026 el.
1141 2957 1162 3026 3
1187 2952 1273 3027 scri-

222 3083 305 3160 bere
329 3085 452 3160 refert.
480 3083 538 3159 Ibi
571 3085 688 3184 igitur
715 3095 873 3160 mortem
890 3112 1003 3184 quam
1016 3086 1106 3160 olim
1131 3087 1171 3159 in
1186 3087 1272 3163 01.1

222 3231 432 3318 pausaturus
460 3218 530 3293 sibi
563 3229 649 3294 ante
674 3218 800 3293 oculos
832 3220 1003 3319 ponebat,
1034 3246 1073 3295 10
1101 3247 1188 3296 vera
1214 3223 1274 3295 inv

223 3363 384 3428 stantem
410 3353 600 3429 intuetur:
618 3362 775 3427 mortem
791 3379 879 3428 vero
900 3354 1111 3448 solitariam,
1129 3357 1272 3444 matris,

222 3487 365 3581 sororis,
387 3485 501 3562 Deliae
513 3486 744 3586 amplexibus
766 3488 946 3562 orbatam.
972 3488 1055 3564 Hoc
1071 3490 1168 3565 facto
1190 3492 1273 3566 013

222 3622 408 3720 prooemio,
433 3623 532 3722 quod
554 3648 610 3698 100
629 3622 710 3720 ipsa
734 3623 996 3720 suppeditavit,
1012 3624 1184 3724 praeclare
1211 3624 1275 3699 Ti·

221 3757 346 3833 bullus
366 3757 406 3831 in
423 3758 603 3834 desideria
618 3768 655 3832 et
673 3757 713 3830 in
733 3783 816 3857 spes
828 3770 1017 3858 evagatur,
1034 3761 1079 3836 de
1099 3762 1275 3860 praesenti

221 3893 426 3967 infortunio
463 3903 546 3967 tum
572 3892 757 3990 praeterita
783 3893 941 4010 respicit,
975 3905 1058 3969 tum
1096 3895 1275 3994 prospicit

225 4027 360 4120 futura,
376 4028 501 4100 omnia
516 4053 658 4125 semper
671 4025 784 4099 Deliae
798 4026 959 4126 imagine
977 4029 1096 4127 plena.
1111 4029 1163 4105 Ut
1178 4029 1277 4104 enim

223 4159 330 4236 mitio
343 4185 454 4234 suum
467 4159 714 4243 reminiscitur
739 4158 784 4233 ab
808 4159 908 4237 Urbe
925 4162 1143 4263 digressum,
1169 4188 1272 4260 maes,
1299 4201 1301 4204 v
