3134 5104
37 4141 40 4195 Ι

38 4199 43 4499 t

41 4557 57 5079 t

577 639 625 650 ..
651 601 696 668 45
723 639 772 650 -

162 747 299 822 mentis
326 748 589 823 conformatae:
618 747 681 822 sed
700 772 824 822 veram
846 747 1043 849 vivamque
1069 750 1218 826 subesse

163 881 342 958 feminam
358 908 449 957 mox
459 880 686 956 hariolamur
702 906 723 956 e
737 907 775 956 v.
785 885 846 974 52,
863 908 948 959 cum
962 893 1070 983 poeta
1091 909 1217 962 omnes

166 1016 317 1092 divitias
331 1016 447 1118 perire
464 1016 587 1114 potius
602 1026 706 1116 optat

291 1211 386 1290 Quam
398 1213 467 1276 fleat
477 1211 515 1275 ob
524 1217 640 1276 nostrae
652 1213 828 1293 uituperatio
840 1214 916 1286 vias,

166 1421 255 1508 post
270 1409 309 1486 in
328 1435 366 1485 v.
384 1413 429 1485 55
448 1419 572 1509 aperte
590 1435 784 1485 monemur
803 1439 813 1486 z

289 1625 340 1688 Me
354 1625 486 1692 retinent
500 1624 635 1688 vinetum
645 1623 783 1688 formosae
797 1624 897 1688 vinela
906 1624 1031 1707 puellae;

167 1847 253 1923 quae
279 1822 402 1921 puella
431 1822 582 1898 tandem
613 1821 653 1895 in
681 1821 848 1921 sequenti
881 1821 1039 1896 disticho
1072 1823 1220 1922 proprio

166 1957 318 2034 nomine
330 1957 535 2057 insignitur
543 1958 634 2053 (meo
650 1955 791 2054 Delia).
802 1997 851 2012 -
863 1954 995 2055 Itaque
1008 1955 1124 2031 Deliae
1138 1957 1221 2032 ima·

62 2136 72 2154 ·
166 2093 308 2194 ginem,
325 2092 445 2192 primo
456 2089 655 2180 occultam,
670 2090 709 2163 in
724 2089 846 2164 medio
860 2093 1021 2166 carmine
1035 2092 1141 2191 quasi
1155 2118 1221 2190 per

166 2223 322 2298 nebulas
350 2232 547 2321 aspectam,
581 2220 716 2296 sensim
745 2220 991 2321 propinquare
1015 2247 1056 2297 ae
1090 2223 1218 2299 clares·

168 2384 250 2436 cere
259 2369 382 2456 putes,
404 2356 523 2431 donee
535 2365 614 2431 tota
636 2354 788 2430 demum
810 2357 918 2431 nobis
935 2367 1059 2454 pateat
1078 2388 1087 2435 ε
1104 2359 1216 2449 unde,

167 2519 263 2568 num
277 2491 391 2591 elegia
403 2490 482 2564 haec
495 2489 581 2565 alibi
604 2489 773 2564 collocari
790 2491 908 2592 possit
922 2516 1034 2590 quam
1057 2491 1097 2565 in
1117 2492 1220 2568 seriei

169 2626 365 2727 principio,
383 2623 472 2700 satis
486 2622 599 2698 habes
613 2634 839 2722 perpectum.
934 2680 937 2685 -

222 2761 273 2838 Et
309 2759 420 2834 simili
446 2757 587 2832 ratione
614 2755 699 2832 lieet
736 2757 854 2832 obiter
885 2758 1065 2858 quosdam
1095 2757 1219 2855 (Voss,

170 2894 334 2999 Passow)
349 2893 548 2985 confutare,
572 2891 706 2991 quibus
726 2891 881 2990 elegiam
901 2889 933 2978 I,
952 2896 974 2966 5
993 2901 1078 2990 post
1093 2917 1221 2990 supre-

169 3055 271 3106 mam
290 3027 336 3103 el.
350 3026 417 3115 Ι,6
433 3051 565 3124 ponere
578 3024 728 3125 placuit.
747 3026 879 3100 Ambae
902 3025 1051 3124 quidem
1068 3047 1146 3099 non
1161 3023 1222 3100 ad·

168 3191 216 3242 eo
230 3165 373 3263 dispare
401 3171 619 3260 argumento
645 3171 757 3235 sunt:
789 3160 853 3235 sed
872 3185 954 3235 cum
972 3158 1072 3234 illius
1101 3133 1246 3235 ultimi

168 3323 299 3374 versus
315 3298 415 3391 (ea-7
420 3293 454 3393 6)
470 3294 590 3367 minas
611 3293 650 3366 in
669 3303 869 3368 amatorem
894 3291 1046 3368 rivalem
1063 3291 1224 3368 habeant

170 3431 312 3509 comico
323 3427 484 3530 quodam
506 3425 580 3501 sale
603 3451 796 3525 respersas,
812 3427 947 3525 quibus
963 3424 1079 3501 Deliae
1102 3426 1225 3502 fabula

168 3591 303 3668 parum
330 3562 450 3662 lepide
481 3586 524 3634 ae
545 3559 650 3634 velut
683 3561 722 3634 in
759 3585 938 3660 suspenso
961 3557 1227 3656 concludatum

169 3700 259 3774 huie
284 3700 337 3774 ita
359 3694 574 3772 desinenti:

298 3945 619 3963 .......
663 3916 729 3970 nos,
745 3897 843 3976 Delia,
857 3897 966 3959 amoris

337 4007 516 4090 Exemplum
526 4025 601 4068 cana
614 4008 707 4069 simus
716 4014 843 4090 uterque
855 4027 950 4079 oome,

227 4251 272 4268 -·
288 4206 388 4309 quod
406 4199 590 4279 distichon
608 4203 726 4278 menti
747 4205 863 4301 aperit
880 4203 1026 4278 infinita
1039 4225 1152 4299 prope
1173 4201 1221 4276 fe·
