3134 5104
730 567 781 583 ..
806 529 852 602 68
877 568 927 584 .-

298 680 444 767 'vetant
462 699 508 750 ue
533 677 712 776 posterior
725 677 771 754 el.
788 683 809 754 8
827 679 1005 756 ducatur:
1022 703 1154 778 nempe
1178 657 1353 752 Tibullus

303 831 440 908 puero:
455 806 552 902 Quid
568 810 710 909 faciam,
725 811 859 914 iuquit,

404 1011 485 1091 Quid
496 1013 619 1090 faciam,
635 1016 694 1078 uisi
707 1021 739 1081 et
752 1017 815 1100 ipse
833 1017 958 1082 ferasin
972 1035 1072 1082 amore
1083 1014 1212 1100 puella?

350 1213 354 1224 .
466 1129 525 1196 flod
536 1151 640 1214 precor
653 1134 788 1216 exemplo
799 1133 921 1198 sitlevis
935 1134 988 1198 ills
1001 1140 1067 1202 tuo.

406 1245 435 1312 0
449 1246 598 1330 quotiens,
610 1248 710 1312 verbis
719 1249 761 1332 (1)
775 1250 987 1334 nequisquam
1001 1248 1137 1340 conscius
1146 1251 1235 1322 esset,

346 1347 351 1357 ⁵
464 1361 534 1445 Ipse
546 1382 644 1429 comes
653 1366 748 1430 multa
757 1366 872 1430 lumina
886 1373 976 1432 nocto
989 1367 1065 1430 tulit

406 1478 492 1562 Saepe
501 1479 759 1564 insperantiveuit
771 1484 830 1548 tibi
843 1503 966 1550 munere
978 1488 1081 1548 nostro

468 1595 511 1662 ut
525 1597 615 1663 latuit
625 1599 739 1666 clausas
754 1606 823 1683 post
836 1601 977 1684 adoperta
991 1601 1079 1665 fores.

306 1801 422 1881 Porro
441 1804 524 1906 quis
546 1805 740 1884 addubitet
754 1808 813 1884 his
827 1807 994 1884 versibus
1008 1806 1168 1884 breviter
1191 1801 1359 1880 contrahi

307 1939 439 2040 prioris
464 1941 508 2018 el.
539 1945 561 2018 8
588 1942 810 2020 materiam?
836 1943 998 2044 puellam
1032 1943 1142 2035 hanc,
1174 1941 1214 2015 in
1252 1939 1359 2038 eujus

309 2098 431 2151 amore
447 2073 638 2153 Marathus
654 2103 733 2154 esse
746 2079 904 2173 dicatur,
925 2078 1090 2154 eamdem
1110 2103 1187 2153 esse
1201 2100 1243 2152 ac
1259 2073 1357 2150 Pho·

308 2210 392 2284 loen
400 2209 503 2286 illam
513 2237 624 2312 quam
636 2239 755 2314 nuper
765 2212 934 2288 Tibullus
945 2255 990 2268 -
998 2237 1130 2313 neque,
1144 2220 1187 2286 ut
1198 2209 1355 2303 videtur,

309 2346 506 2422 frustra-
525 2347 738 2447 deprecatus
757 2348 834 2422 sit?
863 2347 1048 2447 Equidem
1063 2346 1151 2421 hinc
1181 2343 1356 2419 Baehrens
1387 2395 1394 2406 .

308 2481 450 2558 nodum
472 2481 611 2576 adimit,
626 2483 779 2558 mirifica
791 2482 855 2559 illa
866 2481 1006 2558 ratione
1018 2509 1099 2582 quae
1115 2481 1222 2557 solita
1232 2479 1266 2556 ei
1279 2489 1359 2555 est:

308 2619 380 2694 tria
395 2643 525 2716 nempe
541 2617 697 2692 disticha
710 2629 866 2714 amovet,
880 2628 1073 2720 amotaque
1086 2628 1125 2714 et
1149 2616 1196 2691 ad
1209 2615 1359 2690 libitum

309 2753 465 2829 distorta
489 2752 672 2830 medical.
693 2757 714 2828 8
735 2754 859 2828 textui
877 2753 1025 2830 inseritl
1053 2753 1107 2829 At
1135 2752 1358 2852 quicumque

309 2914 440 2990 parum
466 2887 618 2964 laudant
645 2887 847 2964 illiusmodi
871 2857 1042 2985 ludibria,
1069 2888 1096 2964 ii
1122 2887 1253 2962 saltem
1282 2911 1359 2960 non

309 3034 467 3128 possunt
481 3024 571 3124 quin
588 3024 631 3099 el.
649 3028 670 3098 9
686 3024 790 3100 seriei
805 3034 973 3100 statuant
986 3023 1226 3100 novissimam
1243 3020 1308 3122 (2).

344 3230 386 3303 (1)
411 3229 464 3286 Vel
475 3229 565 3301 potius
589 3231 664 3286 uobis
681 3246 762 3300 :quea
777 3229 970 3286 nonnullorum
984 3230 1124 3285 doctorum
1139 3229 1297 3300 conjectura
1307 3243 1355 3282 ve-

310 3319 451 3375 hementer
462 3318 602 3391 probanda
616 3318 683 3373 mihi
695 3318 812 3374 videtur.

311 3411 392 3554 (118(Ξί
394 3409 481 3554 issddc
490 3410 574 3465 etiam
587 3408 704 3480 elegiam
715 3409 732 3464 8
746 3427 807 3464 cum
819 3409 855 3468 el.
865 3409 988 3465 hmelius
1003 3407 1146 3478 coherere,
1157 3407 1265 3480 quaudo
1276 3405 1360 3478 hujus

482 3598 539 3659 Heu,
552 3600 611 3647 heu!
631 3612 701 3661 quam
718 3597 838 3646 Marathus
855 3596 917 3646 leuto
930 3611 967 3646 me
981 3603 1074 3660 torquet
1092 3609 1170 3646 umore
1184 3595 1190 3643 l

560 3679 675 3728 Deficiunt
687 3685 750 3727 artes
763 3679 916 3742 deficiuntque
931 3679 1016 3729 doli...

309 3797 470 3870 respondere
485 3785 611 3851 videntur
623 3795 697 3850 illius
712 3813 824 3850 versus:

481 3914 523 3962 llic
539 3913 659 3962 Marathus
671 3913 788 3975 quondam
803 3912 901 3961 miseros
915 3913 1009 3962 ludebat
1025 3921 1139 3962 amantes.

483 4073 550 4136 Sapo
559 4074 630 4124 etiam
642 4073 752 4121 lacrimas
766 4073 838 4121 femur
851 4073 930 4122 risisse
943 4073 1076 4122 dolentis...

314 4191 361 4248 ubi
373 4191 450 4264 pueri
464 4189 563 4259 festus,
577 4205 631 4243 uon
643 4186 758 4259 perfidia
771 4185 917 4246 iudicatur.
