3116 5104
612 593 784 633 ..,..

177 711 439 786 Ambrosianus
449 712 627 787 exhibent
636 713 728 786 mire
738 711 888 811 quidem
900 709 1042 786 accedit
1054 709 1231 784 librorum

178 843 567 920 Lachmannianorum
594 846 720 920 classis
744 845 920 938 secunda,
953 844 1016 919 sed
1041 869 1118 918 non
1141 844 1231 918 item

179 980 299 1078 prima
322 1007 363 1056 ae
386 981 495 1056 tertia
512 981 588 1055 :ita
610 991 654 1054 ut
674 1006 713 1054 re
733 1005 818 1054 vere
843 980 879 1052 A
904 989 941 1052 et
960 976 1001 1068 O,
1019 1003 1232 1078 quanquam

178 1114 308 1189 multis
333 1114 681 1214 interpolationibus
707 1114 842 1206 foedati,
870 1113 1057 1212 propriam
1086 1124 1233 1188 servent

180 1249 461 1344 auctoritatem3
485 1275 583 1324 unus
610 1248 640 1322 B
666 1248 858 1322 minimam
882 1247 942 1322 vel
967 1246 1121 1342 nullam,
1148 1273 1234 1322 oum

181 1382 307 1458 eadem
319 1395 448 1458 textus
462 1384 582 1459 forma
593 1382 713 1458 multo
737 1381 869 1456 melius
904 1381 1173 1458 Baehrensianis
1193 1381 1236 1455 li·

181 1516 257 1590 bris
273 1528 567 1616 repraesentetur,
584 1517 661 1592 imo
678 1516 710 1590 B
732 1516 886 1592 fortasse
902 1515 1055 1592 fluxerit
1082 1543 1130 1593 ex
1147 1516 1238 1592 Am·

183 1649 384 1749 brosieno(
414 1652 440 1750 ).

235 1785 280 1882 (b.
312 1781 401 1859 Non
417 1785 538 1860 solum
558 1785 737 1860 familiam
749 1784 787 1860 Y
802 1810 978 1860 renovare
992 1786 1114 1861 voluit
1133 1786 1239 1860 Baeh·

182 1944 279 2010 rens,
308 1919 372 1994 sed
398 1921 468 1994 sub
498 1921 573 1994 fine
594 1945 651 1993 an.
684 1923 790 2012 1876,
817 1945 902 1994 oum
925 1918 1239 2020 Guelferbytanus

184 2052 337 2150 quidam
356 2053 475 2128 codex
487 2053 527 2128 in
544 2079 677 2128 manus
691 2054 770 2151 ejus
791 2053 993 2146 incidisset,
1011 2053 1161 2130 alterius
1188 2054 1206 2127 f
1225 2101 1237 2114 -

184 2185 509 2262 miliaeXunioum
521 2190 939 2286 testemjamrepertum
948 2213 1027 2263 esse
1037 2189 1238 2263 contendit.

185 2316 397 2412 Guelf.i11e‚
419 2318 514 2393 circa
531 2345 592 2393 an.
607 2320 701 2393 1425
717 2329 891 2394 exaratus
905 2318 1115 2415 ascriptore
1128 2319 1238 2418 scrip·

186 2464 310 2527 turam
345 2452 645 2552 langobardicam
682 2453 862 2544 imitante,
890 2453 1031 2552 aliquot
1055 2451 1241 2527 decenniis

186 2596 272 2686 post
289 2586 452 2660 secunda
463 2612 577 2660 manu
591 2598 774 2662 correctus
792 2585 850 2684 (de
862 2613 934 2685 qua
954 2596 1050 2661 certe
1076 2612 1153 2661 non
1181 2613 1241 2660 cu·

185 2720 371 2818 randum),
392 2720 513 2812 scatit,
540 2731 720 2821 tanquam
744 2734 834 2796 este
854 2721 976 2797 saeculi
997 2747 1095 2796 more
1122 2722 1243 2821 suspi-

186 2855 270 2948 cari,
289 2855 651 2954 interpolationibus.
671 2855 753 2932 Hoc
779 2868 903 2931 autem
917 2856 1038 2955 primo
1052 2856 1138 2930 visu
1155 2855 1242 2929 insi·

183 2989 325 3086 gnitur,
349 2991 448 3090 quod
481 2991 657 3067 lectiones
682 2992 886 3090 complures
909 2992 1023 3066 habet
1045 3017 1133 3065 oum
1159 3015 1240 3064 exe.

185 3121 365 3197 Parisinis
381 3137 657 3201 consentaneas.
684 3123 740 3200 De
753 3150 791 3199 re
804 3151 880 3199 non
901 3124 1084 3224 litigatur,
1107 3123 1171 3198 sed
1192 3122 1244 3197 rei

185 3255 474 3356 interpretandae
502 3261 644 3336 diversa
671 3259 744 3334 via.
775 3258 845 3332 Ait
870 3259 1019 3358 quidem
1048 3257 1240 3341 Baehrens,

186 3390 338 3491 ejusque
346 3393 717 3487 sectatorLeonhard‚
725 3391 848 3469 Guelf.
861 3391 1131 3466 cumParisinis
1141 3416 1246 3490 prop·

185 3537 284 3602 terea
298 3529 519 3618 consentire,
537 3527 636 3628 quod
650 3528 778 3603 eodem
798 3526 1000 3626 archetypo
1020 3525 1168 3625 (nempe
1186 3551 1243 3600 oo·

187 3661 267 3736 dice
286 3663 462 3761 quopiam
484 3689 566 3736 saee.
591 3689 620 3736 x
649 3661 859 3736 Veronensi
872 3661 900 3760 i)
941 3660 1153 3754 defluxerit,
1171 3685 1246 3759 quo

187 3795 368 3870 Parisina.
388 3795 585 3872 Rothstein
599 3807 740 3888 eontra,
759 3793 807 3871 G.
822 3819 942 3868 unum
963 3821 1042 3868 esse
1068 3794 1114 3868 de
1129 3792 1245 3866 Lach-

189 3931 472 4005 mannianorum
489 3932 669 4006 librorum
695 3931 813 4030 plebe,
834 3955 945 4028 quem
964 3931 1095 4003 doctus
1120 3927 1238 4001 libra-

228 4139 264 4212 (1)
274 4138 318 4195 Sic
331 4138 488 4209 Leonhard,
502 4138 546 4194 oui
557 4138 684 4193 lubenter
694 4135 829 4192 assentior
842 4155 850 4191 ι
865 4135 1009 4190 Rothstein
1028 4139 1106 4189 tenet
1119 4134 1172 4188 Am
1178 4131 1243 4188 bro·

192 4227 361 4282 sianumnon
376 4234 515 4299 parentem
530 4245 599 4296 esse,
610 4227 658 4282 sed
670 4243 831 4297 germanum
841 4222 1058 4280 Lachmanniani
1074 4223 1107 4278 B.
