3116 5104
719 591 768 605 ..
795 553 841 623 36
867 594 914 606 ..

300 699 435 775 infelici
474 698 703 800 Panegyrico
728 727 840 800 quam
866 701 1024 778 Deliacis
1050 699 1162 800 elegis
1184 699 1350 798 propius,

301 861 419 935 operae
433 859 578 934 quoque
591 836 753 933 pretium
766 846 835 910 est.

303 1115 371 1182 est.
395 1105 430 1179 A
449 1104 603 1180 victoria
639 1103 804 1180 Messalae
830 1104 1039 1204 recentique
1055 1102 1246 1203 triumpho
1270 1103 1351 1178 bre·

302 1241 409 1331 viter,
451 1265 594 1315 necnon
628 1240 831 1340 granditer,
861 1266 1016 1316 exorsus
1040 1250 1149 1340 poeta
1175 1237 1225 1336 (v.
1260 1237 1349 1336 1-8),

301 1385 491 1451 enumerat
507 1372 636 1452 Gallia
650 1375 748 1450 locos
763 1376 827 1474 qui
840 1376 944 1450 ducis
961 1375 1139 1450 virtutem
1154 1369 1349 1466 testantur,

303 1511 351 1610 (v.
391 1508 518 1608 9-12);
559 1511 712 1610 posthac
753 1510 933 1605 Ciliciam,
977 1509 1134 1610 Syriam,
1167 1507 1351 1608 praecipue

299 1644 511 1744 AEgyptum
538 1644 705 1744 depingit
725 1645 770 1720 ab
795 1645 922 1721 eodem
945 1645 1070 1744 legato
1093 1643 1346 1742 perlustratus,

298 1805 339 1855 ac
363 1778 483 1854 multa
508 1805 617 1879 super
636 1779 737 1871 Nilo,
764 1780 885 1854 multa
908 1804 1018 1879 super
1039 1779 1183 1855 Osiride
1202 1777 1350 1877 agrico-

297 1916 418 1991 larum
437 1916 505 1992 deo
537 1917 672 1992 effatur
699 1915 748 2017 (v.
780 1915 912 2016 13-5);
940 1915 1097 2015 denique
1126 1914 1178 2012 (v.
1200 1913 1346 2012 55-64),

298 2075 426 2124 rursus
441 2049 645 2149 praedicatis
664 2048 829 2126 Messalae
844 2050 1015 2125 laudibus
1029 2049 1094 2150 qui
1107 2048 1189 2123 Viae
1205 2048 1348 2124 Latinae

298 2185 501 2261 reficienda
515 2185 737 2284 impenderit
750 2211 909 2284 operam,
926 2185 960 2260 ei
979 2209 1197 2284 prosperum
1213 2183 1348 2259 natalis

298 2321 459 2396 reditum
479 2321 520 2396 in
536 2321 667 2421 longos
692 2347 809 2396 annos
835 2332 1016 2421 precatur.
1038 2364 1088 2375 —
1111 2319 1223 2396 Mitto
1239 2345 1345 2420 quas·

297 2481 454 2555 cumque
469 2455 613 2531 Teuffel
630 2457 775 2533 notavit
788 2457 827 2532 in
843 2482 1008 2532 sermone
1031 2455 1194 2530 maculas
1211 2455 1263 2554 (v.
1283 2481 1341 2555 gr.

295 2590 548 2689 importunam
585 2593 830 2691 quarumdam
865 2617 1000 2668 vocum
1039 2590 1340 2690 geminationem,

296 2725 481 2800 schemata
520 2727 700 2826 copiosius
740 2726 946 2828 usurpata),
969 2737 1102 2826 ‚utpote
1128 2725 1282 2802 leviores
1307 2737 1345 2800 et

294 2858 419 2960 quales
434 2887 481 2936 ne
498 2861 708 2937 clarissimis
724 2863 874 2963 quidem
894 2862 1034 2937 Tibulli
1049 2862 1174 2962 elegiis
1191 2862 1345 2936 omnino

215 3023 219 3030 ·
295 2994 437 3092 absint3
459 2997 522 3072 sed
545 3024 629 3072 cum
648 2997 779 3074 doctus
799 2997 856 3072 vir
869 3022 1021 3096 pravam
1044 2997 1160 3072 totius
1182 2996 1344 3071 materiae

295 3129 573 3230 dispositionem
604 3142 641 3205 et
671 3131 955 3231 explicationem
981 3132 1182 3230 vituperat,
1209 3155 1344 3205 vanam

295 3264 410 3364 carpit
423 3265 675 3365 geographicae
698 3291 739 3341 ao
755 3265 1016 3367 mythologicaa
1038 3266 1198 3342 scientiae
1221 3275 1341 3340 osten·

294 3399 485 3488 tationem,
504 3427 588 3476 eum
604 3411 709 3500 puto,
727 3401 880 3476 AEmilio
897 3401 1072 3477 Baehrens
1087 3401 1137 3498 (1)
1153 3411 1342 3476 consenta-

292 3560 397 3626 neus,
422 3535 573 3611 minime
591 3536 820 3612 intellexisse
836 3548 952 3637 poetae
971 3537 1213 3637 propositum.
1243 3536 1344 3629 Quid

291 3669 388 3746 enirn
412 3669 495 3745 vult
514 3670 718 3746 Tibullus?
744 3672 857 3768 Num,
879 3673 979 3773 epico
994 3699 1105 3768 more,
1123 3672 1218 3748 clara
1244 3671 1339 3747 Mes-

291 3802 376 3878 salae
395 3813 500 3904 gesta
513 3830 560 3879 ex
578 3806 705 3882 ordine
728 3807 930 3908 prosequi?
953 3807 1050 3883 Vult
1073 3831 1204 3907 nempe
1224 3799 1341 3883 amico

289 3937 393 4012 velut
423 3937 636 4015 natalicium
669 3943 932 4018 munusculum
965 3968 1093 4018 versus
1122 3945 1251 4018 offerre
1276 3943 1340 4042 qui

328 4234 368 4302 (1)
382 4236 440 4289 Tib.
456 4237 569 4306 Blaeller,
581 4239 616 4293 ll.
