3116 5104
623 481 820 555 ..25-

188 633 240 708 de
254 633 392 708 Tibulli
411 634 537 708 funere
549 633 714 732 pulchra,
730 633 792 708 sed
809 634 1118 711 documentorum
1132 636 1249 735 inope

190 767 374 868 elegia-
387 765 534 842 Horatii
548 765 627 843 Ode
639 766 669 860 Ι,
681 769 727 842 33
751 777 788 842 et
805 765 977 866 Epistula
995 767 1076 860 I,4:
1094 779 1268 869 utraque,
1293 831 1295 838 .

55 950 57 952 -
163 947 167 953 ·
190 900 239 974 ad
255 925 274 975 a
290 900 446 976 Albium
465 925 484 974 ))
502 901 648 1001 scripta,
664 928 774 1001 quem
787 901 894 976 latini
905 902 1144 1001 grammatici
1163 929 1247 977 nos·

190 1045 295 1110 trum
308 1061 385 1111 esse
403 1035 596 1111 Tibullum
610 1036 709 1110 haud
726 1036 1008 1124 dubitaverunt,
1027 1063 1154 1112 omnes
1164 1036 1247 1112 hac-

163 1207 167 1214 ·
189 1178 301 1244 tenus
324 1180 448 1245 ratum
467 1171 651 1246 habebant
666 1201 674 1248 :
692 1171 758 1246 sed
782 1196 862 1246 rem
879 1197 965 1246 cum
988 1197 1108 1270 nuper
1130 1197 1243 1270 nega-

188 1305 289 1381 verit
300 1304 476 1381 Baehrens
490 1305 553 1406 (1),
569 1307 695 1405 paucis
712 1307 774 1382 hic
788 1283 941 1406 expedit
966 1307 1194 1382 confirmare.

241 1438 386 1531 Albino,
409 1441 529 1540 qualis
555 1442 602 1516 ab
625 1440 781 1518 Horatio
809 1433 1038 1541 depingitur,
1053 1452 1163 1541 poeta
1190 1452 1246 1518 est

191 1596 213 1646 a
228 1572 494 1650 miserabilium
509 1577 700 1676 elegorum
714 1601 733 1650 a
755 1588 897 1670 auctor,
922 1601 941 1652 s
957 1588 1135 1676 pectore»
1150 1602 1244 1676 prae·

189 1705 305 1794 ditus,
335 1709 502 1786 asamar)
524 1712 677 1812 insuper
702 1725 866 1790 ornatus.
896 1711 1010 1790 Num
1025 1738 1113 1810 ergo
1140 1711 1245 1787 facile

188 1820 424 1922 existimetur
439 1846 532 1922 duos
553 1847 686 1924 Albios
704 1847 816 1948 (quod
834 1873 970 1924 nomen
996 1872 1072 1922 non
1097 1847 1150 1921 ita
1163 1845 1244 1921 vul·

186 1974 286 2076 gare)
324 1979 416 2054 adeo
453 2007 558 2080 pares
585 1982 715 2058 eadem
747 1993 966 2083 tempestate
993 1980 1173 2073 floruisse,
1202 1980 1244 2054 in

187 2123 363 2212 promptu
377 2125 455 2190 est:
472 2141 539 2192 nec
551 2117 748 2218 quisquam
762 2129 859 2194 certe
872 2117 1006 2212 credat,
1022 2116 1097 2190 nisi
1117 2125 1246 2215 poten·

185 2242 340 2321 tissimis
358 2260 507 2325 coactus
520 2253 762 2352 argumentis.
774 2251 879 2328 Talia
894 2262 1020 2327 autem
1030 2249 1139 2326 valde
1151 2249 1246 2324 desi·

185 2376 361 2456 derantur
375 2386 473 2484 apud
488 2387 684 2462 AEmilium
697 2387 886 2463 Baehrens.
910 2386 1028 2462 Taceo
1047 2384 1242 2484 Glyceram

182 2511 286 2588 illam
316 2517 356 2591 in
388 2519 459 2595 oda
484 2520 515 2613 I,
544 2526 590 2596 33
621 2533 872 2616 memoratam,
897 2547 1010 2622 quam
1031 2519 1155 2596 nescio
1174 2544 1240 2594 cur

184 2647 360 2727 Baehrens
373 2654 413 2728 in
428 2682 552 2734 amore
567 2657 707 2732 Tibulli
718 2657 944 2758 aliquamdiu
960 2657 1072 2731 fuisse
1086 2654 1239 2731 omnino

182 2811 261 2859 non
286 2787 410 2865 sinat:
439 2792 527 2866 satis
553 2803 609 2868 est
630 2793 825 2868 observare
852 2793 892 2866 in
922 2790 1095 2891 praese'nti
1122 2791 1169 2885 (2)
1190 2814 1237 2864 ex

185 2917 310 2996 Ovidii
327 2935 416 3000 nota
435 2926 551 3028 elegia
574 2927 729 3027 (Amor,
749 2927 825 3020 HI,
844 2927 899 3024 9),
914 2925 979 2999 ubi
996 2923 1103 2998 Delia
1120 2946 1138 2996 a
1159 2922 1239 3022 pri·

182 3081 267 3131 mus
281 3081 384 3134 amor
399 3084 418 3135 ))
434 3074 565 3161 poetae,
582 3061 750 3138 Nemesis
768 3087 787 3138 (ε
808 3086 895 3138 cura
908 3085 1033 3136 recens
1050 3081 1069 3132 ))
1087 3057 1236 3144 dicitur,

181 3187 288 3269 nullo
311 3206 419 3295 pacto
448 3198 619 3273 concludi
640 3224 757 3297 posse,
784 3221 977 3296 nunquam
1012 3195 1092 3292 ejus
1120 3192 1239 3268 menti

182 3329 298 3404 alium
313 3332 454 3408 subisse
464 3357 635 3408 amorem.
651 3337 698 3407 At
714 3332 896 3432 praecipue
908 3329 1049 3405 insistit
1057 3327 1236 3402 Baehrens

182 3464 264 3542 loco
281 3466 337 3540 illi
351 3468 517 3567 epistulae
532 3467 563 3557 l,
577 3474 610 3563 4,
624 3468 689 3543 ubi
701 3466 882 3543 Horatius
896 3466 941 3541 ab
951 3463 1068 3541 ·lllbio
1080 3461 1234 3563 quaerit:

182 3601 711 3696 Quidtenuncfaceredicam,
854 3583 856 3588 ,

301 3809 434 3873 Scribere
445 3809 526 3892 qood
540 3808 623 3872 Oassi
637 3807 806 3872 Parmensis
816 3803 959 3888 opuscula
977 3803 1102 3867 vincet?

217 4039 255 4108 (1)
279 4036 443 4094 Tibulliscbe
457 4037 577 4105 Blatter,
592 4023 637 4094 n)

216 4127 256 4198 (2)
273 4125 338 4186 vid.
354 4125 565 4197 infra(cap.1v)
582 4117 667 4179 totam
679 4121 715 4176 de
734 4119 852 4192 Glycera
864 4117 1059 4190 questionem
