3116 5104
760 597 809 609 ..
835 577 876 626 IV
906 593 950 607 ..

317 707 370 780 ita
396 704 599 802 principem
617 702 657 775 in
671 703 800 778 eodem
822 703 1101 802 interpretando
1129 702 1373 803 Ludolphum

318 837 452 914 Dissen
464 837 583 912 dicere
596 836 770 911 debemus
787 866 795 911 :
810 837 993 936 quidquid
1005 836 1108 912 enim
1118 837 1182 912 hio
1193 837 1371 936 peccavit,

318 984 442 1048 tamen
455 983 493 1047 et
503 972 688 1045 uberrimo
703 970 938 1071 singulorum
961 972 1169 1045 carminum
1186 997 1371 1046 commen·

319 1106 413 1181 tario
431 1105 481 1201 (1)
508 1116 544 1179 et
565 1105 697 1203 amplis
716 1104 1035 1203 disquisitionibus
1060 1107 1103 1180 de
1130 1103 1270 1181 Tibulli
1289 1105 1373 1181 Vita

319 1252 353 1314 et
367 1238 476 1315 Poasi
500 1236 551 1337 (in
575 1238 703 1313 limine
723 1238 811 1313 edit.
837 1237 962 1313 Tibul.
987 1239 1096 1337 1885)
1135 1239 1220 1339 plus
1247 1238 1369 1314 laudis

319 1371 515 1449 emeruisse
536 1372 628 1446 mihi
649 1372 807 1465 videtur,
829 1399 941 1472 quam
958 1374 992 1450 ei
1010 1375 1233 1449 recentiores
1256 1373 1375 1449 critici

318 1507 507 1606 impertire
544 1505 675 1580 solent.
713 1504 805 1581 Mox
846 1507 998 1606 quidem
1029 1508 1220 1606 praenituit
1252 1505 1299 1582 Ο.
1331 1505 1373 1580 F.

320 1638 472 1740 Gruppe
490 1641 530 1714 in
551 1640 625 1715 Die
645 1640 829 1716 rambula
841 1639 975 1741 Elepia,
991 1644 1098 1734 1838,
1114 1643 1178 1717 ubi
1198 1643 1333 1740 partim
1353 1667 1375 1716 a

320 1774 518 1874 Ludolpho
553 1772 691 1849 Dissen
724 1774 874 1862 adscita,
907 1775 1043 1874 partim
1079 1801 1145 1850 sua
1182 1775 1372 1874 exposuit,

321 1920 492 1984 cunctam
508 1934 596 1984 vero
615 1909 811 1984 materiam
830 1908 903 1983 acri
919 1908 1176 2008 intelligentia,
1196 1909 1376 2008 singulari

319 2043 526 2117 venustatis
556 2043 708 2142 poeticae
733 2069 854 2137 sensu,
884 2042 960 2118 stili
987 2029 1099 2118 etiam
1121 2042 1244 2142 lepore
1268 2067 1373 2117 reno·

319 2178 445 2253 vabat.
460 2176 574 2252 Hunc
585 2177 701 2253 secuti
719 2188 957 2252 correxerunt
967 2177 1156 2252 interdum
1171 2180 1232 2250 W.
1251 2175 1377 2250 Hertz·

317 2311 407 2410 berg
429 2310 496 2408 (0.
524 2310 573 2385 F.
598 2310 746 2411 Grappa
772 2312 865 2388 «dia
883 2312 1067 2388 romische
1086 2311 1206 2412 Elepia
1230 2344 1258 2405 n,
1283 2310 1376 2385 Hal-

237 2525 239 2530 .
315 2444 428 2519 lische
452 2443 602 2537 Jahrb„
624 2444 729 2541 1839)
764 2455 800 2519 et
826 2447 885 2521 W.
903 2446 941 2522 S.
964 2445 1106 2520 Teuffel
1134 2445 1374 2545 (Prooemium

314 2555 570 2654 translationis
601 2578 742 2653 Tibulli
768 2581 998 2678 germanicae,
1034 2579 1173 2677 18532).
1201 2578 1370 2678 Denique
1451 2652 1456 2658 .

328 2712 492 2788 notanda
515 2723 603 2786 sunt
633 2711 778 2786 AEmilii
802 2713 977 2789 Baehrens
995 2713 1203 2790 libulliaala
1218 2712 1373 2805 Bloettar,

321 2851 413 2922 1878
434 2877 443 2923 :
462 2847 533 2921 viri
548 2872 635 2921 sane
654 2846 869 2940 audacioris,
885 2849 925 2922 in
940 2849 1145 2922 novitatem
1162 2859 1199 2922 et
1217 2844 1376 2945 παράδοξα

319 2981 437 3080 proni,
455 2981 609 3080 ideoque
632 3006 778 3056 summu
803 3008 887 3056 cum
908 2981 1112 3056 diffidentia
1128 2981 1286 3081 legendi,
1305 2980 1375 3055 hoc

319 3126 443 3189 tamen
469 3114 568 3188 haud
594 3113 743 3189 inutilis
778 3116 878 3214 quod
915 3115 1024 3191 falsas
1060 3114 1250 3213 opiniones
1280 3140 1375 3189 non-

318 3247 440 3322 nullas
466 3248 699 3343 subverterit,
721 3275 804 3348 quaa
825 3248 893 3323 aF
896 3249 1050 3324 riderico
1076 3247 1228 3348 Gruppe
1257 3275 1374 3348 usque

318 3381 415 3458 inter
427 3382 555 3457 doctos
577 3383 824 3458 invaluerant.

368 3514 478 3608 Quod
489 3517 530 3609 si,
547 3542 658 3615 super
675 3517 881 3618 insigniora
905 3518 1055 3592 illorum
1078 3518 1227 3617 scripta,
1245 3543 1373 3592 omnes

320 3651 663 3726 dissertatiunculas
693 3652 878 3728 evolveris
906 3679 998 3751 quas
1025 3651 1239 3726 summatim
1279 3650 1373 3724 indi-

357 3948 395 4021 (1)
410 3949 475 4003 Jam
494 3947 591 4002 Disscn
609 3949 762 4006 comment.
779 3949 806 4002 in
822 3948 962 4003 Tibullum
993 3947 1117 4012 dederat,
1135 3948 1163 4002 in
1187 3947 1375 4020 supplemento

322 4036 388 4092 edit.
402 4043 506 4108 quarta
521 4036 625 4107 Hcynii
635 4044 663 4092 et
677 4037 888 4104 Wunderlichii,
907 4039 986 4096 1817.

359 4128 396 4196 (2)
419 4125 524 4181 Deinde
549 4127 578 4181 in
611 4125 736 4196 ejusdem
763 4127 879 4182 Studien
915 4125 973 4181 und
999 4127 1261 4194 Clururteristiten,
1289 4125 1358 4180 1871

323 4215 468 4270 insertum.
