3134 5104
645 603 693 614 -
720 565 767 634 47
793 603 841 616 ..

211 710 410 784 nianorum
427 709 666 784 inventorum
682 711 852 787 fautores.
869 709 1014 787 Scilicet
1027 708 1140 784 velim
1156 709 1262 784 nobis

133 847 139 856 ’
215 843 388 918 amatoris
406 841 506 918 illius
524 869 587 919 seu
600 845 723 920 mariti
733 837 1044 944 peregrinationes
1061 843 1262 940 enucleeut,

217 977 282 1077 qui
297 976 412 1073 miles,
428 977 577 1054 Tibullo
592 1005 676 1054 cum
688 977 845 1056 Messala
857 980 896 1054 in
911 977 1076 1056 Ciliciam
1088 978 1261 1078 proiecte,

219 1111 347 1186 Romae
377 1111 515 1186 otietur
527 1142 537 1206 ;
585 1139 730 1188 reverso
765 1113 928 1206 Tibullo,
957 1112 1117 1186 vixdum
1146 1121 1265 1210 nupta

218 1229 334 1336 Delia,
357 1243 395 1319 in
412 1245 539 1322 Cilicia
553 1244 712 1322 militare
726 1247 891 1341 dicatur;
915 1246 1069 1347 posthac
1095 1247 1134 1320 in
1165 1245 1265 1321 Urbe

216 1380 351 1456 iterum
373 1380 543 1456 videatur
567 1381 714 1457 versari.
743 1381 866 1456 Velim
888 1381 1090 1457 edisserant
1114 1407 1263 1480 quamo-

214 1514 318 1589 brem
341 1514 405 1590 illa
434 1515 477 1590 el.
508 1518 540 1609 2,
575 1541 686 1615 quam
711 1527 862 1591 censent
894 1528 976 1614 post
1007 1511 1265 1591 infidelitatem

215 1648 330 1723 Deliae
345 1651 533 1748 scriptam,
547 1651 738 1750 zelotypiae
752 1662 876 1726 tamen
902 1677 949 1726 ne
972 1651 1171 1750 vestigium
1185 1651 1264 1748 qui-

214 1784 298 1859 dem
321 1783 464 1860 habeat.
485 1786 625 1862 Docere
656 1811 800 1885 quoque
837 1781 1007 1874 debeant,
1036 1787 1100 1884 qui
1126 1787 1193 1861 fiat
1220 1795 1263 1859 ut

214 1917 407 1992 submissis
430 1918 644 2017 hujusmodi
669 1919 967 2019 supplicibusque
986 1920 1107 1996 verbis
1124 1919 1182 2016 (el.
1197 1917 1264 2028 Ι6);

315 2105 386 2168 Nou
397 2124 453 2184 ego
467 2111 496 2167 te
508 2106 571 2168 laesi
583 2104 713 2186 prudens
727 2131 734 2170 ε
750 2107 870 2185 ignosce
880 2108 988 2170 fatenti

213 2345 264 2356 —
288 2328 370 2401 quae
392 2303 484 2378 bene
514 2303 559 2380 de
591 2304 756 2404 quolibet
786 2308 943 2405 conjuge
981 2303 1261 2404 intellegantur,

213 2476 263 2489 —
293 2435 463 2511 Tibullus
495 2437 619 2537 ipsum
650 2439 803 2516 rivalem
832 2439 1040 2538 alloquatur
1068 2439 1133 2537 qui
1160 2463 1265 2514 suam

212 2569 357 2646 Deliam
380 2573 581 2670 corruperit
598 2574 614 2647 ἶ)
630 2574 700 2649 Sed
716 2575 861 2674 singula
885 2598 1029 2672 carpere
1046 2596 1260 2669 supervaca-

211 2732 324 2814 neum
345 2718 402 2782 est
419 2707 631 2805 :Ludolphi
656 2707 788 2785 Dissen
810 2708 1158 2784 commentationem
1182 2706 1265 2781 ideo

211 2868 308 2941 nego
320 2840 575 2941 recipiendam,
588 2842 675 2942 quia
688 2843 908 2919 Tibullianae
925 2855 962 2919 et
977 2841 1205 2941 simplicitati
1228 2854 1264 2918 et

214 2977 415 3052 urbanitati
427 3004 575 3091 prorsus
588 2992 783 3080 repugnat.
794 2981 943 3072 Etenim
955 2978 1265 3054 siinuniversum

214 3114 433 3214 spectaveris
448 3125 538 3215 quot
549 3125 586 3190 et
599 3115 722 3214 quales
741 3141 861 3225 rerum
875 3115 994 3190 vices:
1011 3113 1154 3198 itinera,
1169 3136 1263 3209 nup·

213 3249 274 3324 tiae
278 3307 289 3342 ,
301 3249 446 3325 fraudes
464 3250 660 3345 amatoria,
673 3250 771 3325 intra
781 3261 854 3325 tres
868 3247 1091 3348 elegias‚illo
1104 3255 1263 3340 auctore,

214 3394 471 3482 congerantur,
507 3409 582 3458 non
617 3385 751 3482 poteris
785 3385 876 3483 quin
914 3409 998 3458 cum
1040 3379 1087 3457 Ο.
1110 3378 1264 3454 Richter

212 3517 394 3593 exclames
411 3517 509 3617 quod
522 3517 626 3592 aiunt
642 3549 650 3592 :
669 3517 903 3628 implicatam
925 3514 1099 3606 fabulam,
1115 3512 1262 3587 misera·

211 3652 323 3727 bilem
350 3652 554 3727 amasium!
585 3680 625 3729 ac
654 3653 855 3761 praesertim
881 3651 1014 3726 senties
1039 3648 1261 3749 quicumque

214 3812 233 3860 c
251 3797 450 3862 amatorem
468 3812 486 3860 r
506 3787 551 3862 el.
566 3791 587 3862 5
617 3799 653 3863 et
669 3813 687 3861 «
705 3790 899 3887 conjugem
916 3811 934 3859 a
955 3786 1000 3860 el.
1021 3787 1091 3858 iet
1106 3789 1125 3855 6
1145 3809 1263 3856 unum

212 3921 455 4020 eumdemque
485 3949 562 3997 esse
584 3924 743 4022 fingant,
773 3948 857 3996 cum
878 3909 917 3994 id
943 3930 1050 4019 poeta
1076 3944 1122 3992 ne
1145 3916 1259 3991 verbo

214 4055 364 4154 quidem
378 4055 604 4150 indicaverit,
620 4056 704 4130 illos
719 4056 943 4131 hariolorum
966 4054 1042 4128 vice
1056 4052 1172 4150 fungi,
1187 4076 1262 4124 non
1327 4059 1332 4072 '

216 4191 476 4288 interpretum.
