3134 5104
748 565 798 576 ..
824 526 870 596 58
896 566 945 577 -

320 673 609 752 ceteruommina
625 673 814 749 ardebant.
835 672 1094 773 Nequidquam
1110 671 1234 770 elegiae
1258 672 1373 745 finem

319 811 406 886 facit
428 809 552 886 nobile
576 809 783 885 distichon:

401 1078 479 1141 Haec
489 1075 557 1138 aliis
569 1075 727 1139 maledicte
741 1073 872 1138 cadant:
889 1092 955 1148 nos,
970 1071 1072 1136 Delia!
1088 1073 1199 1134 amoris

339 1183 341 1188 ’
481 1177 660 1274 Enemplnm
674 1211 749 1256 cana
760 1177 853 1254 simus
865 1196 990 1273 uterque
1002 1209 1097 1254 coma.
1159 1183 1161 1190 ’

374 1462 485 1562 Spem
516 1459 723 1551 candidam,
765 1459 827 1535 sed
857 1484 969 1561 quam
1013 1457 1184 1532 carminis
1224 1481 1370 1531 summa

320 1596 477 1672 refellat!
508 1595 597 1670 dum
624 1594 806 1687 Tibullus,
833 1594 929 1669 male
956 1593 1112 1686 sibimet,
1140 1603 1246 1690 puto,
1282 1617 1369 1666 cre-

318 1730 440 1825 dulus,
468 1756 609 1805 amores
627 1730 791 1830 fingitin
812 1740 992 1804 aeternum
1012 1727 1219 1825 productos,
1236 1736 1368 1800 mutua

317 1865 455 1940 interea
480 1865 611 1940 caritas
631 1865 712 1962 jam
736 1864 776 1938 in
790 1863 867 1940 dics
887 1862 1077 1938 deminuta
1104 1846 1366 1959 exstingueba-

318 2008 395 2075 tur.

271 2381 276 2390 '
372 2364 530 2440 Haecest
547 2365 610 2440 illa
627 2365 827 2465 elegiarum
843 2365 964 2456 series,
988 2366 1126 2439 mirum
1152 2389 1238 2439 sane
1263 2385 1368 2462 opus,

322 2497 398 2571 imo
411 2498 574 2593 unicum,
592 2499 667 2574 sive
686 2497 825 2573 Tibulli
836 2499 976 2598 reliqua
991 2496 1164 2584 carmina,
1192 2497 1269 2571 sive
1284 2511 1369 2570 -om'-

321 2630 383 2705 nia
416 2632 638 2708 erotioorum
670 2634 892 2733 scriptorum
929 2631 1160 2731 spectaveris.
1189 2629 1368 2727 Namque,

320 2789 406 2838 oum
419 2764 458 2838 id
481 2765 555 2839 illis
566 2765 723 2869 solitum
738 2766 799 2857 sit,
822 2776 865 2842 ut
877 2766 946 2840 sub
970 2788 1046 2841 uno
1072 2764 1197 2839 amicae
1220 2754 1371 2836 nomin'e

320 2923 425 2982 casus
455 2925 656 2999 sensusque
678 2899 800 2975 varios
831 2899 1023 3000 celebrent,
1054 2911 1092 2972 at
1120 2922 1251 2995 parum
1288 2905 1371 2969 arto

318 3031 468 3107 vinculo
482 3058 669 3108 conexos:
696 3033 756 3108 hic
771 3032 888 3108 solida
915 3033 984 3108 tibi
1005 3031 1128 3106 fabula
1150 3041 1284 3130 praesto
1300 3039 1368 3123 est,

206 3199 207 3202 ¹
317 3165 363 3241 ab
374 3167 477 3241 omni
493 3179 596 3266 parte
609 3178 824 3269 temperata,
840 3169 879 3242 in
896 3194 970 3268 qua
993 3166 1227 3272 principium,
1248 3163 1369 3239 nodus

319 3298 486 3376 clausula
497 3300 747 3397 discernatur3
763 3311 897 3400 praesto
910 3311 980 3394 est,
995 3313 1038 3375 ut
1049 3310 1234 3388 nostrates
1248 3299 1367 3389 aiunt,

319 3435 495 3509 amatoria
518 3437 701 3536 quaepiam
726 3436 874 3531 novellu,
906 3436 1047 3534 poetica
1072 3435 1213 3510 ratione
1238 3437 1368 3509 adum-

318 3565 438 3642 brata.
457 3568 611 3666 Verum,
631 3571 730 3670 quod
762 3580 888 3647 auctor
916 3572 1039 3646 soluto
1068 3595 1235 3644 sermone
1263 3579 1372 3642 utens

318 3704 495 3780 continuo
513 3705 734 3781 narrationis
749 3716 871 3781 tractu
885 3715 1137 3805 prosequatur,
1152 3715 1261 3802 poeta
1284 3728 1371 3776 nos-

315 3851 371 3922 ter
384 3838 540 3936 carptim
567 3841 772 3938 perscribit,
800 3841 954 3914 summis
978 3840 1119 3939 aliquot
1144 3837 1368 3913 culminibus

315 3971 520 4067 illustratis,
541 3973 643 4060 *inter
666 4001 746 4075 quae
763 3976 890 4074 spatia,
907 3984 951 4050 ut
975 3975 1028 4049 ita
1050 3973 1182 4064 dicam,
1209 3951 1369 4070 interja-

316 4108 447 4198 centia,
464 4109 643 4184 lectorum
661 4111 810 4210 ingenio
838 4109 1109 4210 relinquuntur.
1151 4107 1222 4182 Illa
1244 4091 1367 4186 sutem
