3116 5104
636 599 685 612 ..
712 561 757 632 21
786 562 835 614 ¹..

199 703 373 804 sectaque
392 734 401 780 :
417 717 550 782 cuncta
566 708 741 786 videlicet
756 709 820 785 illa
834 711 1008 806 carmina,
1024 709 1153 786 sivein
1166 718 1262 784 coetu

205 835 375 914 Messalae
394 840 557 935 recitata,
583 843 659 918 sive
680 843 728 917 ad
757 842 954 920 Messalam
982 845 1134 946 ejusque
1158 842 1262 917 fami·

202 971 297 1046 liam
310 973 543 1070 pertinentia,
565 975 632 1050 diu
645 977 686 1049 in
707 977 825 1076 ipsius
843 977 985 1052 tablino
1005 988 1263 1072 servataesse3

203 1105 352 1200 deinde,
368 1106 527 1183 Messala
549 1120 587 1185 et
605 1109 809 1187 Messalino
821 1111 901 1186 filio
918 1111 1077 1188 mortuis
1094 1109 1144 1208 (1)
1149 1110 1266 1204 ,curis

204 1241 362 1340 alicujus
382 1267 403 1316 e
424 1242 597 1320 sodalicio
616 1246 751 1344 (ipsius
773 1246 825 1320 ait
849 1245 1009 1342 Hankel,
1027 1247 1093 1323 scd
1115 1246 1265 1321 nonita

203 1375 453 1472 probabiliter,
484 1377 690 1477 Lygdami)
736 1379 972 1455 commixtim
1005 1380 1115 1474 edita,
1157 1377 1262 1452 volu·

202 1510 298 1584 mini
321 1521 446 1587 autem
471 1512 619 1613 integro
644 1512 786 1588 Tibulli
812 1539 963 1608 nomen,
982 1524 1114 1613 utpote
1141 1512 1262 1587 claris·

103 1691 107 1696 ·
204 1646 291 1721 simi
317 1646 414 1722 inter
438 1646 581 1724 sodales
608 1658 741 1746 poetae,
759 1647 976 1747 impositum
991 1677 1000 1724 ε
1013 1662 1134 1747 neque
1156 1647 1262 1722 aliter

203 1806 245 1855 se
264 1807 323 1856 res
345 1781 456 1858 habet
474 1782 519 1858 de
542 1781 727 1860 Cataracta
746 1781 820 1856 illis
839 1784 921 1882 quae
936 1781 1117 1883 Vergilio,
1144 1781 1262 1881 plera·

202 1939 275 2012 que
294 1913 398 2006 false,
420 1914 568 1991 addicta
582 1914 824 2014 possidemus.
845 1914 962 1990 Fraus
981 1940 1130 1990 errorve
1144 1914 1260 2009 brevi,
1348 1993 1351 2001 ,

202 2047 334 2146 procul
362 2047 488 2136 dubio,
516 2048 617 2148 apud
641 2048 828 2124 Romanos
858 2048 1040 2125 litteratos
1065 2049 1261 2126 invaluit:

202 2181 310 2256 testis
340 2182 550 2270 Suetonius,
578 2182 667 2258 Vitae
695 2182 915 2258 Tibullianae
941 2183 1098 2283 scriptor
1129 2183 1169 2257 in
1188 2209 1261 2283 qua

202 2314 363 2414 legimus
377 2345 387 2391 ε
401 2341 420 2392 c
438 2316 665 2415 ...Epistulae
682 2343 830 2417 quoque
841 2319 920 2416 ejus
934 2317 1131 2412 amatoriae,
1143 2343 1258 2416 quan-

203 2474 318 2548 quam
352 2450 479 2525 breves
506 2451 627 2550 (quid,
641 2451 715 2525 nisi
747 2450 918 2551 Sulpiciae
944 2450 1103 2551 elegidia
1117 2449 1163 2550 Ρ),
1181 2477 1257 2526 om·

204 2583 296 2659 nino
316 2582 467 2660 subtiles
483 2583 533 2684 (2)
550 2596 652 2661 sunt.
671 2610 691 2660 ›)
710 2585 820 2661 Unde
848 2586 960 2660 etiam
976 2585 1079 2684 sequi
1097 2584 1256 2682 videtur,

204 2728 250 2793 ut
266 2717 431 2794 Suetonii
444 2719 676 2818 temporibus
690 2720 767 2794 duo
780 2719 934 2820 genuini
946 2728 1062 2818 poetae
1073 2717 1159 2794 libri
1173 2746 1258 2794 cum

204 2852 467 2949 posterioribus
477 2852 710 2928 collectaneis
718 2853 888 2954 nondum
899 2852 1257 2928 commixtiluerint:

199 2985 306 3083 'quod
324 2988 473 3087 quando
493 2987 634 3062 factum
663 2987 712 3061 sit
735 2986 920 3062 nescimus
935 3015 945 3081 3
961 2996 1127 3061 attamen
1142 3011 1260 3084 usque

206 3121 246 3193 in
277 3120 442 3196 medium
470 3146 593 3195 aevum
621 3118 762 3195 Tibulli
794 3117 1022 3217 exemplaria
1048 3117 1260 3216 pervenisse

206 3281 288 3354 quae
304 3254 494 3353 adjecticia
516 3265 619 3353 parte
645 3263 823 3340 carerent,
840 3279 860 3328 e
876 3263 1000 3327 vetere
1031 3250 1099 3325 illo
1126 3249 1260 3326 beroli-

206 3389 312 3464 nensi
331 3389 511 3463 librorum
532 3389 710 3488 catalog0‚
728 3388 791 3462 ubi
813 3386 863 3462 M.
880 3385 1009 3484 Haupt
1027 3385 1120 3485 legit
1136 3408 1155 3458 ((
1169 3384 1259 3460 Albi

207 3523 347 3599 Tibulli
367 3513 452 3597 libri
464 3522 505 3598 Il
518 3547 552 3618 a,
570 3523 670 3598 AEm.
688 3523 863 3598 Baehrens
879 3520 1000 3596 voluit
1012 3519 1184 3618 colligere
1195 3520 1257 3617 (3).

242 3693 281 3762 (l)
296 3691 426 3765 Sulpicia
439 3709 545 3748 amores
560 3689 697 3762 divulgari
712 3689 747 3746 ab
761 3688 898 3746 avunculo
916 3687 1038 3744 Messala
1052 3704 1108 3744 non
1127 3687 1257 3760 potuisse,

204 3780 342 3836 neminem
357 3782 445 3851 fugit.

241 3870 282 3941 (2)
295 3869 340 3926 Sic
361 3870 465 3943 optime
479 3870 610 3926 Baehrens
623 3868 723 3942 (primo
738 3868 828 3924 minus
839 3866 960 3924 feliciter
986 3865 1102 3941 dulceslt
1128 3882 1215 3939 preve
1227 3865 1257 3921 in

203 3957 349 4014 codicibus
361 3961 451 4018 utiles.

239 4047 279 4118 (3)
294 4048 347 4103 Sed
362 4047 528 4119 probabilius
543 4046 671 4103 existimo
682 4046 741 4102 illic
763 4063 825 4101 cum
838 4046 958 4102 secundo
972 4045 1043 4099 libro
1055 4045 1138 4099 etiam
1150 4043 1258 4099 tertium

204 4141 382 4206 quartumque
403 4135 533 4206 copulari.
549 4137 586 4191 Et
597 4141 725 4206 excerpta
741 4134 864 4190 Parisino
878 4149 972 4191 versus
987 4133 1165 4205 posteriorum
1177 4131 1260 4187 libro-

202 4239 262 4278 rum
278 4225 327 4282 sub
339 4227 420 4285 titulo
433 4224 546 4284 secundi
559 4223 701 4288 exhibent.
