3116 5104
607 616 642 628 -
680 577 725 647 31
752 614 800 628 ...

186 729 274 804 anni
307 732 375 804 725
406 728 662 828 navigaturus,
699 723 857 798 Messala
882 723 1018 798 iterum
1046 750 1067 797 a
1093 721 1242 798 Tibullo

186 864 355 962 poposcit
378 872 420 938 ut
437 862 507 938 sibi
521 861 770 936 comitaretur.
798 856 994 949 Quomodo
1017 857 1089 948 hic,
1107 857 1241 931 amoris

188 999 307 1098 primo
317 997 466 1073 vinculo
480 997 690 1089 devinctus
705 993 811 1069 amici
823 991 1083 1068 invitationem
1096 1016 1239 1068 recusa·

189 1133 296 1222 verit,
313 1132 444 1208 deinde
468 1141 612 1206 mutato
633 1128 786 1205 consilio
805 1153 938 1204 navem
963 1124 1239 1222 conscenderit3

190 1268 375 1367 quomodo
407 1275 590 1366 aegrotans
615 1265 654 1337 in
676 1261 836 1363 Corcyra
858 1262 981 1337 insula
1004 1274 1170 1339 moratus
1193 1263 1242 1338 sit

189 1413 371 1502 ruptoque
385 1402 515 1476 itinere
547 1399 732 1498 repetierit
761 1397 942 1473 Romam:
973 1398 1013 1472 in
1042 1398 1168 1498 elegiis
1196 1398 1242 1472 de

190 1536 295 1611 Delia
310 1534 356 1635 (l,
376 1540 444 1610 let
459 1532 493 1634 3)
508 1534 697 1633 perspicue
720 1531 880 1608 videtur.
894 1531 967 1608 Hic
984 1544 1040 1608 est
1054 1533 1242 1608 notandus

188 1671 306 1746 obiter
329 1668 570 1770 gravissimus
610 1667 806 1768 Sigmundi
850 1667 992 1742 Teuffel
1032 1693 1141 1760 error,
1172 1669 1237 1767 qui
1301 1737 1304 1742 .

186 1816 311 1881 totum
340 1805 530 1879 subvertat
562 1804 702 1879 Tibulli
734 1804 939 1878 carminum
966 1814 1144 1891 tenorem,
1173 1803 1240 1878 hos

189 1913 355 2015 Deliacas
370 1939 504 2037 elegias
514 1964 630 2038 usque
644 1939 684 2013 in
704 1963 763 2013 an.
782 1941 851 2013 730
877 1937 923 2012 U.
938 1935 980 2013 Ο.
1007 1937 1238 2014 differendo:

188 2075 294 2175 quasi
316 2074 437 2149 denuo
460 2072 615 2148 Messala
633 2073 775 2148 fecisset
795 2073 835 2146 in
860 2071 1027 2148 Ciliciam
1053 2073 1138 2168 iter,
1156 2084 1239 2172 post

189 2209 462 2308 expeditionem
496 2209 601 2306 cujus
645 2207 815 2282 Tibullus
843 2207 1026 2306 expressis
1056 2207 1177 2282 verbis
1201 2208 1241 2282 in

188 2342 273 2436 cll,
285 2347 306 2418 7
318 2342 497 2417 meminit.
514 2341 584 2418 Sed
599 2342 648 2418 rei
660 2368 745 2417 cum
758 2367 805 2416 ne
817 2342 1016 2440 vestigium
1031 2342 1180 2442 quidem
1193 2342 1241 2418 sit

186 2478 227 2551 in
239 2477 415 2566 historiis,
432 2503 499 2553 nee
515 2502 615 2552 mera
628 2477 728 2552 docti
741 2477 812 2550 viri
826 2477 1019 2575 phantasia
1035 2503 1104 2576 pro
1132 2502 1239 2578 argu-

186 2623 313 2688 mento
335 2611 461 2686 haberi
486 2622 608 2711 queat,
628 2611 732 2686 nulla
752 2612 856 2711 copia
881 2611 992 2686 datur
1015 2621 1056 2687 ut
1076 2611 1240 2687 Messalae

186 2748 270 2837 iter,
291 2747 444 2845 ideoque
456 2746 575 2844 prima
595 2746 641 2820 de
660 2745 765 2821 Delia
784 2747 946 2836 carmina
961 2758 1047 2844 post
1069 2771 1129 2820 an.
1154 2750 1236 2821 725.

188 2891 411 2986 statuantur.
426 2879 605 2980 Alioquin
618 2890 673 2956 est
688 2880 814 2958 Ovidii
828 2881 1023 2976 distichon,
1039 2907 1112 2980 quo
1130 2879 1239 2956 Teuf-

188 3017 319 3092 feliana
345 3014 572 3115 computatio
605 3016 808 3091 necessario
848 3015 1023 3091 labefiat:
1051 3014 1102 3090 sic
1141 3015 1241 3090 enim

188 3144 324 3218 affatur
336 3143 553 3240 Augustum
564 3141 604 3216 in
622 3140 657 3213 T
651 3140 726 3216 rist.
744 3140 809 3236 (ΙΙ,
824 3167 862 3217 r.
881 3145 952 3215 462
966 3141 1037 3240 sq.)
1055 3169 1064 3214 :

311 3400 683 3419 ...........
687 3355 855 3436 legiturque
868 3353 1016 3431 Tibullus,

347 3471 388 3533 Et
402 3471 510 3552 placet,
526 3470 629 3550 etjam
643 3471 805 3551 teprtucipa
815 3475 904 3534 notus
913 3476 989 3533 erat.

183 3686 290 3760 idest
306 3709 362 3759 an.
386 3689 405 3758 7
410 3688 470 3775 26,
494 3710 610 3783 quum
636 3684 800 3784 primum
824 3684 1048 3763 Octavianus
1066 3685 1236 3785 princeps

185 3829 332 3894 senatus
350 3818 610 3894 salutatusest.
633 3818 715 3912 Quo
733 3822 848 3921 igitur
869 3830 977 3920 pacto
999 3820 1155 3912 Teuffel,
1173 3822 1238 3921 qui

185 3952 378 4027 Tibullum
404 3953 622 4051 profiteatur
652 3965 738 4028 ante
761 3955 874 4029 finem
894 3950 983 4027 anni
1018 3957 1038 4028 7
1043 3957 1089 4027 27
1113 3952 1237 4027 nullos

185 4113 315 4162 versus
325 4089 426 4184 (nam
434 4087 686 4186 Panegyricus
698 4088 794 4161 nihil
805 4087 872 4188 est)
888 4088 1006 4162 adhuc
1018 4087 1234 4179 condidisse,

187 4233 304 4319 poetae
317 4247 452 4298 nomen
465 4223 584 4319 fingat
591 4249 604 4320 J
611 4247 670 4296 am
683 4223 793 4297 ivisse
806 4249 949 4322 perora
964 4221 1180 4296 hominum?
