3134 5104
727 513 920 582 ..42-

310 661 400 756 cilis,
418 660 532 736 amati
555 658 744 752 obliviosa,
771 671 932 736 ceterum
967 660 1117 759 perinde
1145 660 1360 737 meretriciis

309 805 419 895 atque
433 794 576 870 uxoriis
590 795 754 870 moribus
767 794 886 870 aliena
906 825 915 871 ε
929 793 1055 894 quales
1058 853 1069 889 ‚
1083 795 1179 870 sicut
1194 793 1232 871 S.
1249 795 1362 871 Teuf-

308 929 356 1006 fel
372 942 508 1023 monet,
533 930 747 1006 etiamnunc
768 957 845 1006 non
867 955 990 1029 paucae
1015 930 1245 1030 reperiantur
1263 931 1362 1006 inter

310 1065 486 1141 Romana
499 1063 615 1165 plebis
629 1065 879 1142 mulierculas.

361 1197 465 1276 Circa
475 1197 620 1274 Deliam
635 1197 715 1274 aliae
731 1225 877 1298 quoque
893 1215 1058 1298 persona
1080 1199 1283 1299 conspicuae
1297 1223 1359 1298 ap·

309 1345 464 1434 parente
482 1333 598 1410 Deliae
613 1333 818 1433 praesertim
833 1333 1003 1425 maritus,
1022 1334 1137 1409 du'rus
1167 1334 1297 1433 aliquis
1324 1345 1361 1410 et

310 1493 441 1542 avarus
458 1467 619 1560 decuri0,
640 1467 704 1568 qui
727 1468 838 1543 modo
869 1468 1141 1567 praedabundus
1167 1468 1206 1542 in
1234 1467 1362 1544 Cilicia

310 1602 492 1701 stipendia
505 1612 622 1678 meret
643 1602 700 1703 (el.
725 1601 759 1697 I,
778 1605 813 1696 2,
839 1629 876 1678 v.
901 1607 945 1677 65
972 1599 1060 1702 sq.)‚
1084 1629 1194 1696 nunc,
1220 1601 1360 1678 Urbem

308 1763 505 1838 regressus
526 1737 655 1812 hebete
676 1717 801 1811 animo
818 1762 1017 1837 securoque
1030 1737 1170 1850 fallacie
1191 1737 1360 1836 conjugis

307 1873 494 1948 amoribus
507 1872 610 1948 adest
628 1870 640 1971 (
660 1871 687 1946 l.
704 1870 734 1966 Ι,
755 1870 807 1972 6);
830 1871 943 1946 simul
964 1870 1080 1946 Deliae
1092 1881 1221 1963 mater,
1243 1901 1259 1936 ιι
1277 1872 1358 1946 dul·

307 2009 358 2083 cis
373 2033 465 2082 anus
483 2040 512 2101 »‚
529 2037 545 2072 α
561 2032 653 2081 anus
671 2032 779 2080 aurea
795 2037 811 2074 1>
817 2064 825 2102 ,
843 2031 953 2106 quam
971 2031 1048 2081 sese
1063 2033 1205 2106 semper
1216 1988 1358 2081 amatu-

309 2169 392 2218 rum
401 2144 508 2242 jurat
524 2141 695 2216 Tibullus
710 2153 821 2241 atque
837 2142 1009 2217 omnibus
1028 2142 1218 2217 blanditiis
1235 2168 1358 2242 prose·

310 2278 437 2377 quitur
461 2277 517 2376 (el.
537 2276 570 2352 Ι.
593 2282 625 2372 6,
648 2304 684 2352 v.
712 2275 852 2375 57-67),
880 2278 967 2376 quia
993 2289 1142 2377 suospte
1174 2304 1259 2353 cum
1282 2275 1361 2352 filia

311 2411 528 2488 concubitus
556 2412 687 2506 foveat,
716 2438 753 2487 se
783 2437 802 2486 u
825 2424 939 2487 noctu
967 2413 1106 2488 foribus
1141 2424 1287 2488 maneat
1311 2413 1359 2486 ad

309 2549 387 2621 fixa
403 2570 436 2640 r,
454 2545 615 2645 puellam
634 2546 703 2623 sibi
725 2546 920 2622 «adducat
938 2547 1097 2623 tenebris
1114 2570 1145 2642 r,
1169 2549 1361 2650 multoque

312 2679 389 2782 (ait)
406 2682 537 2757 timore

426 2939 601 3019 Oonjungat
613 2923 731 3002 nostras
747 2939 824 3002 clam
843 2941 993 3003 taciturna
1007 2959 1123 3003 manus.

354 3207 461 3300 Quod
486 3207 517 3281 si
545 3206 740 3306 quospiam
771 3207 986 3305 adjunxeris
1014 3234 1035 3282 a
1057 3219 1164 3308 poeta
1195 3210 1356 3285 strictim

227 3403 229 3407 .
306 3368 499 3441 expressos
518 3371 528 3418 ε
547 3343 701 3419 divitem
720 3353 921 3418 amatorem
947 3341 1005 3443 (el.
1035 3342 1065 3436 Ι,
1091 3345 1127 3442 5)
1147 3345 1211 3443 qui
1232 3345 1356 3444 potior

308 3474 447 3550 Tibulli
465 3477 590 3552 rivalis
608 3479 742 3574 evasit3
764 3479 886 3554 lenam
907 3505 1074 3578 rapacem
1102 3477 1157 3578 (el.
1181 3478 1214 3572 l,
1246 3481 1282 3578 5)
1307 3523 1358 3534 -

305 3610 566 3709 ineptissimea
586 3612 808 3712 quibusdam
832 3611 959 3710 (Voss,
987 3611 1119 3712 Soury)
1144 3638 1212 3711 pro
1239 3612 1356 3689 Deliae

305 3756 422 3821 matre
442 3756 637 3846 acceptam,
657 3789 704 3803 -
717 3773 790 3847 qua
801 3747 1002 3846 instigante
1018 3746 1140 3845 puella
1164 3746 1326 3845 peccavit
1342 3777 1353 3842 ;

305 3906 431 3980 sagam
447 3905 468 3955 a
488 3881 647 3977 Tibullo,
674 3882 808 3957 amoris
826 3881 978 3981 impune
1002 3881 1213 3981 perfruendi
1233 3864 1352 3975 causa,

304 4013 526 4108 consultam,
543 4027 579 4091 et
592 4017 680 4090 alias
696 4016 855 4114 aliquam
867 4016 1030 4091 Bellona
1045 4015 1269 4091 sacerdotem
1290 4013 1350 4114 (el.

304 4150 335 4250 Ι,
350 4153 383 4245 2,
401 4177 436 4224 v.
454 4154 563 4226 4153
576 4181 586 4246 ;
601 4155 636 4240 6,
653 4177 690 4225 v.
710 4151 862 4248 43-55):
887 4162 1036 4224 cunctas
1055 4149 1215 4244 habebis,
1237 4159 1280 4224 ut
1299 4148 1355 4224 ita
