3116 5104
744 603 792 614 ..
821 565 866 634 14
894 599 943 616 ..

320 709 523 804 Tibullum,
543 710 656 786 octies
676 710 715 784 in
730 711 855 808 paucis
877 711 1064 811 Lygdami
1082 712 1251 789 versibus
1270 738 1370 811 repe·

316 841 399 916 rias.
411 841 474 917 Sin
485 841 531 915 ad
546 850 662 915 artem
680 840 915 916 versificandi
927 841 1053 917 venias
1071 871 1080 918 ε
1101 867 1238 917 caesura
1253 842 1366 916 hexa-

314 976 436 1069 metri,
452 1002 563 1076 quam
589 972 760 1050 Tibullus
789 974 893 1049 miris
928 975 1049 1052 modis
1089 977 1231 1053 variare
1257 977 1363 1063 solet,

314 1109 412 1206 apud
425 1109 665 1211 Lygdamum
678 1108 896 1202 uniformis3
917 1110 1100 1185 sententia
1118 1111 1252 1209 saepius
1265 1110 1366 1185 ultra

312 1241 461 1318 distichi
482 1243 577 1350 fines
594 1242 797 1342 producta;
826 1242 983 1343 denique
1012 1245 1226 1345 imperfecta
1248 1245 1363 1320 hexa-

311 1376 420 1453 metri
433 1389 470 1452 et
488 1378 711 1475 pentametri
730 1378 964 1454 cohaerentia.
986 1378 1077 1472 Quae
1093 1390 1226 1456 cuncta
1239 1390 1276 1455 et
1294 1377 1365 1454 alia

310 1511 538 1610 hujusmodi,
558 1537 606 1587 ne
622 1511 772 1587 Tibullo
786 1511 849 1588 lib.
864 1510 926 1587 ΙΙΙ
939 1513 1139 1603 tribuatur,
1168 1512 1364 1588 manifesto

310 1657 450 1723 vetant.

360 1778 538 1872 Quisnam
550 1779 667 1881 igitur
680 1779 900 1881 Lygdamus
916 1781 933 1856 ?

355 1912 551 1992 Neminem
572 1915 691 1990 alium
715 1916 767 1990 ait
790 1915 942 2015 Gruppe
956 1914 1005 2015 (1)
1026 1913 1097 1990 sub
1116 1914 1187 1990 hoc
1207 1915 1359 1990 nomine

306 2049 470 2144 latuisse,
488 2077 600 2150 quam
613 2049 791 2125 Publium
818 2047 996 2126 Ovidium
1011 2047 1182 2148 (Publius
1193 2081 1243 2114 =
1257 2049 1363 2148 Lyg-

306 2183 466 2283 damus),
475 2184 547 2259 huc
561 2211 604 2260 co
615 2184 799 2260 adductus
811 2185 911 2284 quod
922 2185 1091 2282 plurimae
1103 2183 1169 2258 lib.
1178 2181 1238 2257 ΙΙ]
1251 2182 1358 2258 locu-

306 2316 435 2411 tiones,
451 2317 633 2392 nonnulla
646 2342 824 2393 versuum
847 2319 1055 2417 fragmenta
1069 2317 1168 2416 apud
1182 2315 1361 2394 Ovidium

306 2475 451 2550 quoque
484 2450 675 2550 legtmtur,
720 2452 797 2528 imo
836 2453 981 2552 integer
1020 2462 1250 2552 pentameter
1285 2477 1360 2551 quo

305 2601 423 2684 poetae
441 2582 574 2660 natalis
588 2612 708 2661 annus
722 2586 909 2661 indicatur
928 2615 937 2661 ι

466 2782 542 2846 Oum
556 2782 668 2846 occidit
682 2782 748 2844 fato
762 2783 866 2845 consul
880 2788 1005 2863 uterque
1016 2780 1081 2864 pari

299 2978 427 3056 existit
439 2979 603 3055 ctiamin
619 2977 806 3068 Tristibus,
815 2979 888 3071 IV,
899 2983 958 3055 10.
975 2978 1047 3055 Sed
1058 2979 1195 3054 frustra
1204 2977 1356 3077 Gruppe

299 3113 454 3188 sollertis
468 3112 608 3213 ingenii
614 3139 655 3188 ac
663 3115 804 3207 umine,
815 3113 854 3190 S.
871 3113 1077 3188 Kleemann
1089 3111 1138 3212 (2)
1152 3122 1279 3212 postea
1290 3138 1354 3188 no·

298 3247 354 3321 vis
366 3247 580 3322 eruditionis
603 3247 784 3323 subsidiis
801 3247 1013 3346 opinionem
1021 3247 1125 3321 illam
1139 3248 1355 3322 confirmare

300 3381 746 3458 studueruntCumenim
761 3380 942 3481 quaepiam
954 3380 1139 3480 utrimque
1154 3381 1350 3481 comparia,

299 3514 419 3601 multa
444 3542 589 3615 quoque
615 3517 656 3589 in
683 3514 917 3592 versificandi
943 3514 1084 3589 ratione
1108 3514 1354 3614 discrepantia

299 3659 428 3724 notare
440 3660 517 3748 est3
531 3651 692 3750 insuper,
710 3674 948 3750 quaecumque
967 3658 1218 3748 congerrmtur
1231 3660 1353 3724 exter·

298 3808 355 3859 nae
378 3785 576 3860 verborum
602 3784 872 3880 similitudines,
894 3782 1135 3857 nihilominus
1154 3809 1202 3858 ex
1220 3782 1353 3857 intima

334 4053 372 4124 (1)
385 4051 437 4108 Die
451 4051 590 4108 roemt'sclzc
603 4053 708 4122 Elcpic,
719 4056 740 4108 t.
758 4052 783 4122 Ι,
796 4068 858 4123 cap.
874 4065 916 4108 ιν.
1035 4075 1038 4080 ’

332 4141 368 4213 (2)
382 4141 424 4197 De
443 4142 492 4199 lib.
513 4144 588 4198 tertii
601 4142 769 4198 coratim'bus
784 4157 844 4212 quae
862 4139 968 4196 Tibulli
980 4141 1089 4195 aurulae
1101 4140 1347 4208 circumferuntur,

296 4229 464 4303 Strussburg,
479 4232 559 4291 1876.
