3134 5104
614 661 660 674 -
689 625 732 694 55
759 661 807 676 -

240 764 413 841 Ceterum
429 769 536 844 ambo
557 773 729 864 earmina,
746 787 782 846 et
803 799 976 848 versuum
1003 780 1185 875 paucitate
1203 789 1239 854 et

184 901 305 997 pressi
318 903 495 978 sermonis
513 905 701 1001 brentate,
717 909 887 1007 proxime
910 910 1089 987 accedunt
1108 912 1154 986 ad
1168 913 1237 988 ele-

186 1033 290 1131 gidia
312 1035 357 1111 de
383 1036 552 1136 Sulpicia,
569 1040 651 1114 ideo
680 1053 763 1140 post
785 1041 942 1134 Deliam,
958 1055 1043 1120 ante
1052 1044 1237 1121 Nemesim

187 1181 349 1244 amatam
369 1173 515 1248 condita
526 1175 711 1250 videntur.
734 1171 926 1252 damtune
949 1180 1056 1254 nobis
1073 1192 1236 1280 apparet,

188 1330 265 1379 non
279 1305 532 1405 ingenuusille
544 1309 710 1406 primaevi
722 1312 879 1386 amantis
893 1312 1025 1414 fervor,
1040 1315 1103 1389 sed
1120 1315 1239 1390 lassus

191 1441 335 1514 animus
359 1452 395 1515 et
421 1441 575 1540 inquies,
592 1443 655 1542 qui
680 1444 765 1518 vitae
787 1444 884 1519 mala
913 1473 1115 1544 perpessus,
1139 1475 1239 1523 eura·

190 1601 275 1648 rum
295 1575 432 1650 oblivia
457 1577 587 1651 misere
615 1579 745 1676 quaerit
771 1579 815 1652 in*
837 1604 968 1673 amore,
991 1582 1163 1679 praeseius
1187 1593 1239 1656 ta·

190 1735 275 1783 men
304 1723 394 1808 quot
420 1722 640 1810 quantaeque
666 1713 733 1786 sibi
767 1739 861 1787 eurae
883 1715 1039 1789 «medio
1071 1716 1115 1790 de
1142 1717 1242 1792 fonte

191 1844 396 1941 leporum»
425 1857 641 1920 surrecturae
669 1837 766 1940 sint3
797 1848 907 1922 simul
935 1850 1082 1924 amandi
1108 1851 1241 1924 avidis·

192 1980 319 2068 simus,
339 1980 561 2079 gaudiorum
574 1980 726 2055 minime
744 2007 871 2080 capax,

241 2113 302 2188 El.
331 2119 387 2207 13,
404 2139 484 2214 quae
505 2116 659 2213 hujusce
689 2117 792 2190 seriei
823 2128 932 2214 eaput
965 2082 1090 2192 haberi
1113 2119 1240 2218 possit

192 2248 409 2323 clarissimas
445 2276 607 2349 quasque
639 2249 778 2324 Tibulli
818 2249 951 2349 elegias
994 2262 1075 2326 tum
1118 2253 1243 2327 formae

192 2391 386 2456 venustate
411 2381 588 2480 adaequat,
617 2393 699 2456 tum
728 2408 856 2456 sensus
884 2381 1114 2456 vehementia
1142 2382 1244 2457 facile

191 2515 322 2590 vineit.
339 2514 455 2614 Cujus
466 2517 506 2588 in
522 2516 641 2613 priore
658 2527 760 2614 parte
779 2517 857 2589 vim
875 2517 1008 2590 amoris
1037 2518 1094 2590 sui
1121 2516 1245 2592 taliter

193 2660 301 2746 poeta
309 2650 517 2748 profitetur,
534 2662 577 2724 ut
591 2675 700 2725 nemo
718 2650 790 2724 fere
814 2650 1069 2725 Romanorum
1089 2651 1243 2748 scripto-

193 2796 364 2858 rumtam
379 2784 570 2882 splendida
587 2797 735 2882 tamque
749 2785 888 2858 fervida
903 2784 1060 2858 edidisse
1079 2757 1251 2882 unquam-

192 2919 264 2993 diei
277 2930 386 3017 queat
400 2949 408 2992 :
424 2920 476 2994 ita
490 2918 660 3016 cupidine
684 2919 802 2994 elatus
825 2929 868 2992 ut
894 2919 1004 2992 verba
1027 2917 1244 3028 hujusmodi
1279 2942 1282 2947 ·

194 3054 324 3129 habeat
342 3055 391 3150 (v.
411 3059 431 3125 9
453 3054 522 3151 sq.)
543 3083 551 3125 ε

314 3259 362 3320 Tu
375 3259 448 3319 mihi
461 3277 599 3320 curarum
615 3258 740 3337 requies,
755 3263 787 3318 tu
803 3264 890 3318 noete
903 3257 950 3318 vel
963 3263 1028 3317 atra

376 3375 504 3445 Lumen,
521 3382 551 3436 et
565 3376 597 3434 in
613 3374 683 3435 solis
701 3383 733 3434 tu
746 3375 820 3434 mihi
837 3374 1016 3444 turbaloois‚

194 3569 342 3688 ignibus
357 3615 443 3664 vero
457 3588 529 3662 illis
547 3589 707 3686 aliquam
724 3588 900 3662 inducens
916 3587 1106 3686 zelotypiae
1131 3587 1251 3660 'nube'
1291 3597 1294 3603 ’

199 3724 319 3798 culam
335 3723 385 3820 (v.
403 3731 424 3796 5
439 3723 508 3821 sq.)
530 3753 537 3795 :

319 3932 419 4010 Atque
434 3929 550 3988 utinam
562 3946 660 4006 posses
675 3927 728 3988 uni
741 3926 817 3988 mihi
832 3926 911 3987 bella
923 3925 1035 3987 videri!

381 4045 546 4123 Displiceas
558 4044 622 4104 11111
641 4063 647 4104 :
665 4044 707 4104 sie
719 4061 774 4120 ego
793 4047 877 4101 tutus
892 4060 950 4102 er0.

204 4261 248 4334 ln
268 4260 380 4334 altera
400 4271 503 4356 parte
522 4257 723 4337 Tibullum,
746 4257 849 4329 velut
871 4256 992 4326 subito
1018 4253 1248 4350 expergefae-

1093 4379 1107 4428 1
