<?xml version="1.0" encoding="UTF-8"?>
<!DOCTYPE html PUBLIC "-//W3C//DTD XHTML 1.0 Transitional//EN"
    "http://www.w3.org/TR/xhtml1/DTD/xhtml1-transitional.dtd">
<html xmlns="http://www.w3.org/1999/xhtml" xml:lang="en" lang="en">
 <head>
  <title>
</title>
<meta http-equiv="Content-Type" content="text/html;charset=utf-8" />
  <meta name='ocr-system' content='tesseract 3.04.00' />
  <meta name='ocr-capabilities' content='ocr_page ocr_carea ocr_par ocr_line ocrx_word'/>
</head>
<body>
  <div class='ocr_page' id='page_1' title='image "./detibulliamorib00doncgoog_0088.png"; bbox 0 0 3134 5104; ppageno 0'>
   <div class='ocr_carea' id='block_1_1' title="bbox 210 555 1263 929">
    <p class='ocr_par' dir='ltr' id='par_1_1' title="bbox 210 555 1263 929">
     <span class='ocr_line' id='line_1_1' title="bbox 635 555 830 626; baseline 0.005 -19"><span class='ocrx_word' id='word_1_1' title='bbox 635 593 683 607; x_wconf 92' lang='grc'>..</span> <span class='ocrx_word' id='word_1_2' title='bbox 712 555 757 626; x_wconf 81' lang='lat'>63</span> <span class='ocrx_word' id='word_1_3' title='bbox 784 593 830 608; x_wconf 92' lang='grc'>...</span> 
     </span>
     <span class='ocr_line' id='line_1_2' title="bbox 210 697 1263 804; baseline 0 -30"><span class='ocrx_word' id='word_1_4' title='bbox 210 697 265 774; x_wconf 87' lang='lat' dir='ltr'>rei</span> <span class='ocrx_word' id='word_1_5' title='bbox 278 725 425 776; x_wconf 84' lang='lat' dir='ltr'>causam</span> <span class='ocrx_word' id='word_1_6' title='bbox 447 700 569 798; x_wconf 85' lang='lat' dir='ltr'>habes,</span> <span class='ocrx_word' id='word_1_7' title='bbox 597 728 673 778; x_wconf 92' lang='lat' dir='ltr'>non</span> <span class='ocrx_word' id='word_1_8' title='bbox 690 710 807 802; x_wconf 83' lang='lat' dir='ltr'>poetae</span> <span class='ocrx_word' id='word_1_9' title='bbox 829 701 1065 804; x_wconf 76' lang='lat' dir='ltr'>imperitiam,</span> <span class='ocrx_word' id='word_1_10' title='bbox 1082 700 1263 776; x_wconf 80' lang='lat' dir='ltr'>minorem</span> 
     </span>
     <span class='ocr_line' id='line_1_3' title="bbox 210 834 1263 929; baseline 0.006 -20"><span class='ocrx_word' id='word_1_11' title='bbox 210 839 336 914; x_wconf 79' lang='lat' dir='ltr'>autem</span> <span class='ocrx_word' id='word_1_12' title='bbox 371 837 572 912; x_wconf 86' lang='lat' dir='ltr'>affectuum</span> <span class='ocrx_word' id='word_1_13' title='bbox 609 838 700 929; x_wconf 86' lang='lat' dir='ltr'>vim,</span> <span class='ocrx_word' id='word_1_14' title='bbox 736 837 875 912; x_wconf 88' lang='lat' dir='ltr'>minus</span> <span class='ocrx_word' id='word_1_15' title='bbox 890 837 1040 915; x_wconf 87' lang='lat' dir='ltr'>uberem</span> <span class='ocrx_word' id='word_1_16' title='bbox 1072 834 1263 915; x_wconf 80' lang='lat' dir='ltr'>materiam</span> 
     </span>
    </p>
   </div>
   <div class='ocr_carea' id='block_1_2' title="bbox 209 967 1263 1195">
    <p class='ocr_par' dir='ltr' id='par_1_2' title="bbox 209 967 1263 1195">
     <span class='ocr_line' id='line_1_4' title="bbox 211 967 1263 1072; baseline 0.003 -29"><span class='ocrx_word' id='word_1_17' title='bbox 211 967 317 1066; x_wconf 89' lang='lat' dir='ltr'>cujus</span> <span class='ocrx_word' id='word_1_18' title='bbox 344 967 485 1045; x_wconf 86' lang='lat' dir='ltr'>lacunae</span> <span class='ocrx_word' id='word_1_19' title='bbox 508 970 659 1069; x_wconf 88' lang='lat' dir='ltr'>poeticis</span> <span class='ocrx_word' id='word_1_20' title='bbox 686 970 908 1072; x_wconf 80' lang='lat' dir='ltr'>expleantur</span> <span class='ocrx_word' id='word_1_21' title='bbox 933 971 1173 1046; x_wconf 83' lang='lat' dir='ltr'>ornamentis.</span> <span class='ocrx_word' id='word_1_22' title='bbox 1203 967 1263 1046; x_wconf 85' lang='lat' dir='ltr'>It&#39;a</span> 
     </span>
     <span class='ocr_line' id='line_1_5' title="bbox 209 1091 1263 1195; baseline 0.003 -28"><span class='ocrx_word' id='word_1_23' title='bbox 209 1091 360 1170; x_wconf 84' lang='lat' dir='ltr'>illorum</span> <span class='ocrx_word' id='word_1_24' title='bbox 372 1106 589 1195; x_wconf 80' lang='lat' dir='ltr'>argumenta</span> <span class='ocrx_word' id='word_1_25' title='bbox 609 1096 673 1195; x_wconf 89' lang='lat' dir='ltr'>qui</span> <span class='ocrx_word' id='word_1_26' title='bbox 691 1094 851 1171; x_wconf 89' lang='lat' dir='ltr'>Marathi</span> <span class='ocrx_word' id='word_1_27' title='bbox 868 1119 1008 1172; x_wconf 85' lang='lat' dir='ltr'>amores</span> <span class='ocrx_word' id='word_1_28' title='bbox 1022 1097 1162 1195; x_wconf 87' lang='lat' dir='ltr'>priores</span> <span class='ocrx_word' id='word_1_29' title='bbox 1185 1114 1263 1171; x_wconf 88' lang='lat' dir='ltr'>esse</span> 
     </span>
    </p>
   </div>
   <div class='ocr_carea' id='block_1_3' title="bbox 209 1227 1264 2813">
    <p class='ocr_par' dir='ltr' id='par_1_3' title="bbox 209 1227 1263 1464">
     <span class='ocr_line' id='line_1_6' title="bbox 209 1227 1263 1331; baseline 0.002 -30"><span class='ocrx_word' id='word_1_30' title='bbox 209 1227 345 1305; x_wconf 77' lang='lat' dir='ltr'>uolunt</span> <span class='ocrx_word' id='word_1_31' title='bbox 369 1240 434 1305; x_wconf 91' lang='lat' dir='ltr'>aut</span> <span class='ocrx_word' id='word_1_32' title='bbox 468 1229 571 1307; x_wconf 88' lang='lat' dir='ltr'>irrita</span> <span class='ocrx_word' id='word_1_33' title='bbox 594 1229 781 1326; x_wconf 84' lang='lat' dir='ltr'>labuntur,</span> <span class='ocrx_word' id='word_1_34' title='bbox 808 1240 873 1307; x_wconf 89' lang='lat' dir='ltr'>aut</span> <span class='ocrx_word' id='word_1_35' title='bbox 900 1242 1057 1331; x_wconf 82' lang='lat' dir='ltr'>possunt</span> <span class='ocrx_word' id='word_1_36' title='bbox 1080 1230 1191 1307; x_wconf 82' lang='lat' dir='ltr'>etiam</span> <span class='ocrx_word' id='word_1_37' title='bbox 1224 1229 1263 1303; x_wconf 86' lang='lat' dir='ltr'>in</span> 
     </span>
     <span class='ocr_line' id='line_1_7' title="bbox 211 1362 859 1464; baseline 0.006 -28"><span class='ocrx_word' id='word_1_38' title='bbox 211 1362 431 1452; x_wconf 84' lang='lat' dir='ltr'>contrariam</span> <span class='ocrx_word' id='word_1_39' title='bbox 443 1364 623 1441; x_wconf 91' lang='lat' dir='ltr'>rationem</span> <span class='ocrx_word' id='word_1_40' title='bbox 646 1365 859 1464; x_wconf 90' lang='lat' dir='ltr'>retorqueri.</span> 
     </span>
    </p>

    <p class='ocr_par' dir='ltr' id='par_1_4' title="bbox 209 1471 1264 2813">
     <span class='ocr_line' id='line_1_8' title="bbox 214 1471 1262 1600; baseline 0.002 -28"><span class='ocrx_word' id='word_1_41' title='bbox 214 1546 228 1600; x_wconf 64' lang='lat'><em>3</em></span> <span class='ocrx_word' id='word_1_42' title='bbox 255 1496 319 1572; x_wconf 74' lang='lat' dir='ltr'>ul.</span> <span class='ocrx_word' id='word_1_43' title='bbox 339 1496 369 1593; x_wconf 92' lang='lat' dir='ltr'>I,</span> <span class='ocrx_word' id='word_1_44' title='bbox 380 1503 418 1592; x_wconf 85' lang='lat'>4,</span> <span class='ocrx_word' id='word_1_45' title='bbox 433 1499 707 1575; x_wconf 84' lang='lat' dir='ltr'>consuetudinis</span> <span class='ocrx_word' id='word_1_46' title='bbox 717 1499 938 1599; x_wconf 90' lang='lat' dir='ltr'>prooemium</span> <span class='ocrx_word' id='word_1_47' title='bbox 956 1498 1129 1599; x_wconf 88' lang='lat' dir='ltr'>pleraque</span> <span class='ocrx_word' id='word_1_48' title='bbox 1146 1499 1185 1572; x_wconf 90' lang='lat' dir='ltr'>in</span> <span class='ocrx_word' id='word_1_49' title='bbox 1201 1471 1262 1599; x_wconf 28' lang='lat' dir='ltr'>ge·-</span> 
     </span>
     <span class='ocr_line' id='line_1_9' title="bbox 209 1631 1262 1733; baseline 0 -26"><span class='ocrx_word' id='word_1_50' title='bbox 209 1631 396 1709; x_wconf 82' lang='lat' dir='ltr'>rieralibus</span> <span class='ocrx_word' id='word_1_51' title='bbox 413 1634 606 1710; x_wconf 88' lang='lat' dir='ltr'>sententiis</span> <span class='ocrx_word' id='word_1_52' title='bbox 627 1635 839 1710; x_wconf 84' lang='lat' dir='ltr'>continetur</span> <span class='ocrx_word' id='word_1_53' title='bbox 854 1633 911 1733; x_wconf 83' lang='lat' dir='ltr'>(cs.</span> <span class='ocrx_word' id='word_1_54' title='bbox 929 1635 975 1710; x_wconf 89' lang='lat' dir='ltr'>el.</span> <span class='ocrx_word' id='word_1_55' title='bbox 992 1633 1025 1726; x_wconf 91' lang='lat' dir='ltr'>I,</span> <span class='ocrx_word' id='word_1_56' title='bbox 1047 1638 1066 1708; x_wconf 93' lang='grc'><strong>1</strong></span> <span class='ocrx_word' id='word_1_57' title='bbox 1088 1644 1125 1710; x_wconf 89' lang='lat' dir='ltr'>et</span> <span class='ocrx_word' id='word_1_58' title='bbox 1138 1632 1190 1727; x_wconf 86' lang='lat' dir='ltr'>II,</span> <span class='ocrx_word' id='word_1_59' title='bbox 1210 1635 1262 1732; x_wconf 76' lang='lat' dir='ltr'>l),-</span> 
     </span>
     <span class='ocr_line' id='line_1_10' title="bbox 214 1766 1262 1860; baseline 0 -16"><span class='ocrx_word' id='word_1_60' title='bbox 214 1766 385 1844; x_wconf 83' lang='lat' dir='ltr'>Ceterum</span> <span class='ocrx_word' id='word_1_61' title='bbox 404 1769 561 1844; x_wconf 89' lang='lat' dir='ltr'>conflata</span> <span class='ocrx_word' id='word_1_62' title='bbox 575 1769 724 1845; x_wconf 85' lang='lat' dir='ltr'>videtur</span> <span class='ocrx_word' id='word_1_63' title='bbox 736 1770 782 1843; x_wconf 90' lang='lat' dir='ltr'>ad</span> <span class='ocrx_word' id='word_1_64' title='bbox 800 1769 1012 1844; x_wconf 88' lang='lat' dir='ltr'>Horatianae</span> <span class='ocrx_word' id='word_1_65' title='bbox 1033 1769 1153 1843; x_wconf 84' lang='lat' dir='ltr'>satirae</span> <span class='ocrx_word' id='word_1_66' title='bbox 1168 1767 1223 1860; x_wconf 88' lang='grc' dir='ltr'>ΙΙ,</span> <span class='ocrx_word' id='word_1_67' title='bbox 1241 1774 1262 1844; x_wconf 87' lang='lat'>5</span> 
     </span>
     <span class='ocr_line' id='line_1_11' title="bbox 211 1878 1264 2004; baseline 0.001 -27"><span class='ocrx_word' id='word_1_68' title='bbox 211 1903 475 1980; x_wconf 79' lang='lat' dir='ltr'>imitationem:</span> <span class='ocrx_word' id='word_1_69' title='bbox 488 1905 546 1979; x_wconf 81' lang='lat' dir='ltr'>us</span> <span class='ocrx_word' id='word_1_70' title='bbox 559 1905 658 1980; x_wconf 73' lang='lat' dir='ltr'>enim</span> <span class='ocrx_word' id='word_1_71' title='bbox 670 1904 731 1979; x_wconf 71' lang='lat' dir='ltr'>aa</span> <span class='ocrx_word' id='word_1_72' title='bbox 747 1915 803 1980; x_wconf 76' lang='lat' dir='ltr'>est</span> <span class='ocrx_word' id='word_1_73' title='bbox 821 1903 990 2004; x_wconf 70' lang='lat' dir='ltr'>dialogus</span> <span class='ocrx_word' id='word_1_74' title='bbox 1004 1903 1101 1978; x_wconf 75' lang='lat' dir='ltr'>inter</span> <span class='ocrx_word' id='word_1_75' title='bbox 1117 1878 1264 1978; x_wconf 69' lang='lat' dir='ltr'>unxea</span> 
     </span>
     <span class='ocr_line' id='line_1_12' title="bbox 214 2037 1260 2138; baseline 0.001 -25"><span class='ocrx_word' id='word_1_76' title='bbox 214 2037 464 2138; x_wconf 86' lang='lat' dir='ltr'>Tiresiamque</span> <span class='ocrx_word' id='word_1_77' title='bbox 483 2039 528 2114; x_wconf 94' lang='lat' dir='ltr'>de</span> <span class='ocrx_word' id='word_1_78' title='bbox 546 2038 799 2114; x_wconf 87' lang='lat' dir='ltr'>eblandiendis</span> <span class='ocrx_word' id='word_1_79' title='bbox 816 2064 947 2114; x_wconf 89' lang='lat' dir='ltr'>senum</span> <span class='ocrx_word' id='word_1_80' title='bbox 970 2037 1260 2129; x_wconf 68' lang='lat' dir='ltr'>hereditatibus,</span> 
     </span>
     <span class='ocr_line' id='line_1_13' title="bbox 213 2172 1264 2274; baseline 0.002 -26"><span class='ocrx_word' id='word_1_81' title='bbox 213 2173 265 2248; x_wconf 88' lang='lat' dir='ltr'>ita</span> <span class='ocrx_word' id='word_1_82' title='bbox 287 2172 349 2251; x_wconf 91' lang='lat' dir='ltr'>ille</span> <span class='ocrx_word' id='word_1_83' title='bbox 365 2183 510 2271; x_wconf 87' lang='lat' dir='ltr'>poetam</span> <span class='ocrx_word' id='word_1_84' title='bbox 525 2173 624 2248; x_wconf 89' lang='lat' dir='ltr'>inter</span> <span class='ocrx_word' id='word_1_85' title='bbox 638 2184 674 2250; x_wconf 90' lang='lat' dir='ltr'>et</span> <span class='ocrx_word' id='word_1_86' title='bbox 688 2174 869 2273; x_wconf 83' lang='lat' dir='ltr'>Priapum</span> <span class='ocrx_word' id='word_1_87' title='bbox 884 2174 943 2271; x_wconf 85' lang='lat' dir='ltr'>(cf.</span> <span class='ocrx_word' id='word_1_88' title='bbox 964 2173 1101 2274; x_wconf 88' lang='lat' dir='ltr'>alioqui</span> <span class='ocrx_word' id='word_1_89' title='bbox 1118 2174 1264 2250; x_wconf 87' lang='lat' dir='ltr'>Horatii</span> 
     </span>
     <span class='ocr_line' id='line_1_14' title="bbox 211 2305 1262 2409; baseline -0.001 -24"><span class='ocrx_word' id='word_1_90' title='bbox 211 2305 291 2385; x_wconf 80' lang='lat' dir='ltr'>Sat.</span> <span class='ocrx_word' id='word_1_91' title='bbox 308 2305 339 2402; x_wconf 91' lang='lat' dir='ltr'>I,</span> <span class='ocrx_word' id='word_1_92' title='bbox 355 2311 392 2406; x_wconf 84' lang='lat'>8)</span> <span class='ocrx_word' id='word_1_93' title='bbox 401 2317 497 2383; x_wconf 85' lang='lat' dir='ltr'>artes</span> <span class='ocrx_word' id='word_1_94' title='bbox 516 2307 710 2384; x_wconf 87' lang='lat' dir='ltr'>docentem</span> <span class='ocrx_word' id='word_1_95' title='bbox 729 2308 863 2408; x_wconf 88' lang='lat' dir='ltr'>quibus</span> <span class='ocrx_word' id='word_1_96' title='bbox 885 2307 1036 2383; x_wconf 86' lang='lat' dir='ltr'>formosi</span> <span class='ocrx_word' id='word_1_97' title='bbox 1052 2307 1159 2407; x_wconf 89' lang='lat' dir='ltr'>pueri</span> <span class='ocrx_word' id='word_1_98' title='bbox 1178 2335 1262 2409; x_wconf 89' lang='lat' dir='ltr'>cap·</span> 
     </span>
     <span class='ocr_line' id='line_1_15' title="bbox 212 2440 1263 2520; baseline 0.003 -3"><span class='ocrx_word' id='word_1_99' title='bbox 212 2452 353 2519; x_wconf 88' lang='lat' dir='ltr'>tentur.</span> <span class='ocrx_word' id='word_1_100' title='bbox 369 2440 526 2520; x_wconf 71' lang='lat' dir='ltr'>Carmen</span> <span class='ocrx_word' id='word_1_101' title='bbox 539 2471 626 2520; x_wconf 89' lang='lat' dir='ltr'>vcro</span> <span class='ocrx_word' id='word_1_102' title='bbox 640 2442 896 2519; x_wconf 88' lang='lat' dir='ltr'>Tibullianum</span> <span class='ocrx_word' id='word_1_103' title='bbox 903 2443 949 2518; x_wconf 92' lang='lat' dir='ltr'>ab</span> <span class='ocrx_word' id='word_1_104' title='bbox 964 2442 1169 2520; x_wconf 89' lang='lat' dir='ltr'>Horatiano</span> <span class='ocrx_word' id='word_1_105' title='bbox 1180 2443 1263 2520; x_wconf 89' lang='lat' dir='ltr'>idco</span> 
     </span>
     <span class='ocr_line' id='line_1_16' title="bbox 211 2577 1263 2680; baseline 0.004 -30"><span class='ocrx_word' id='word_1_106' title='bbox 211 2577 407 2677; x_wconf 87' lang='lat' dir='ltr'>discrepat,</span> <span class='ocrx_word' id='word_1_107' title='bbox 418 2578 606 2680; x_wconf 91' lang='lat' dir='ltr'>tumquod</span> <span class='ocrx_word' id='word_1_108' title='bbox 618 2578 753 2654; x_wconf 88' lang='lat' dir='ltr'>erotica</span> <span class='ocrx_word' id='word_1_109' title='bbox 766 2578 887 2653; x_wconf 87' lang='lat' dir='ltr'>solum</span> <span class='ocrx_word' id='word_1_110' title='bbox 902 2578 1096 2672; x_wconf 81' lang='lat' dir='ltr'>suavitate,</span> <span class='ocrx_word' id='word_1_111' title='bbox 1111 2578 1263 2654; x_wconf 87' lang='lat' dir='ltr'>minime</span> 
     </span>
     <span class='ocr_line' id='line_1_17' title="bbox 212 2710 1261 2813; baseline -0.001 -26"><span class='ocrx_word' id='word_1_112' title='bbox 212 2711 359 2788; x_wconf 89' lang='lat' dir='ltr'>satirico</span> <span class='ocrx_word' id='word_1_113' title='bbox 376 2712 450 2787; x_wconf 86' lang='lat' dir='ltr'>sale</span> <span class='ocrx_word' id='word_1_114' title='bbox 461 2712 585 2812; x_wconf 90' lang='lat' dir='ltr'>pollet,</span> <span class='ocrx_word' id='word_1_115' title='bbox 605 2723 688 2787; x_wconf 87' lang='lat' dir='ltr'>tum</span> <span class='ocrx_word' id='word_1_116' title='bbox 702 2710 800 2811; x_wconf 92' lang='lat' dir='ltr'>quod</span> <span class='ocrx_word' id='word_1_117' title='bbox 827 2713 983 2788; x_wconf 88' lang='lat' dir='ltr'>artificio</span> <span class='ocrx_word' id='word_1_118' title='bbox 1001 2723 1056 2788; x_wconf 87' lang='lat' dir='ltr'>est</span> <span class='ocrx_word' id='word_1_119' title='bbox 1070 2712 1180 2813; x_wconf 87' lang='lat' dir='ltr'>longe</span> <span class='ocrx_word' id='word_1_120' title='bbox 1193 2714 1261 2786; x_wconf 89' lang='lat' dir='ltr'>mi·</span> 
     </span>
    </p>
   </div>
   <div class='ocr_carea' id='block_1_4' title="bbox 210 2845 1393 2946">
    <p class='ocr_par' dir='ltr' id='par_1_5' title="bbox 210 2845 1393 2946">
     <span class='ocr_line' id='line_1_18' title="bbox 210 2845 1393 2946; baseline -0.001 -26"><span class='ocrx_word' id='word_1_121' title='bbox 210 2872 282 2920; x_wconf 86' lang='lat' dir='ltr'>nus</span> <span class='ocrx_word' id='word_1_122' title='bbox 307 2846 480 2944; x_wconf 81' lang='lat' dir='ltr'>perfecto.</span> <span class='ocrx_word' id='word_1_123' title='bbox 502 2845 664 2938; x_wconf 87' lang='lat' dir='ltr'>Etenim,</span> <span class='ocrx_word' id='word_1_124' title='bbox 680 2846 721 2921; x_wconf 91' lang='lat' dir='ltr'>in</span> <span class='ocrx_word' id='word_1_125' title='bbox 744 2845 856 2921; x_wconf 87' lang='lat' dir='ltr'>satira</span> <span class='ocrx_word' id='word_1_126' title='bbox 882 2873 967 2920; x_wconf 89' lang='lat' dir='ltr'>cum</span> <span class='ocrx_word' id='word_1_127' title='bbox 990 2847 1104 2922; x_wconf 91' lang='lat' dir='ltr'>altera</span> <span class='ocrx_word' id='word_1_128' title='bbox 1125 2846 1263 2946; x_wconf 84' lang='lat' dir='ltr'>dialogi</span> <span class='ocrx_word' id='word_1_129' title='bbox 1391 2869 1393 2874; x_wconf 89' lang='lat'>·</span> 
     </span>
    </p>
   </div>
   <div class='ocr_carea' id='block_1_5' title="bbox 209 2978 1262 3887">
    <p class='ocr_par' dir='ltr' id='par_1_6' title="bbox 209 2978 1262 3887">
     <span class='ocr_line' id='line_1_19' title="bbox 210 2978 1260 3081; baseline 0 -26"><span class='ocrx_word' id='word_1_130' title='bbox 210 3003 366 3081; x_wconf 87' lang='lat' dir='ltr'>persona</span> <span class='ocrx_word' id='word_1_131' title='bbox 380 2979 534 3075; x_wconf 81' lang='lat' dir='ltr'>(Ulixes)</span> <span class='ocrx_word' id='word_1_132' title='bbox 544 2978 718 3078; x_wconf 76' lang='lat' dir='ltr'>mythicen</span> <span class='ocrx_word' id='word_1_133' title='bbox 741 3005 905 3078; x_wconf 83' lang='lat' dir='ltr'>personae</span> <span class='ocrx_word' id='word_1_134' title='bbox 926 2978 1091 3079; x_wconf 84' lang='lat' dir='ltr'>mythica</span> <span class='ocrx_word' id='word_1_135' title='bbox 1109 3005 1260 3079; x_wconf 85' lang='lat' dir='ltr'>respon-</span> 
     </span>
     <span class='ocr_line' id='line_1_20' title="bbox 210 3113 1262 3214; baseline 0.002 -26"><span class='ocrx_word' id='word_1_136' title='bbox 210 3114 308 3208; x_wconf 87' lang='lat' dir='ltr'>deat,</span> <span class='ocrx_word' id='word_1_137' title='bbox 324 3115 364 3189; x_wconf 92' lang='lat' dir='ltr'>in</span> <span class='ocrx_word' id='word_1_138' title='bbox 389 3114 505 3214; x_wconf 85' lang='lat' dir='ltr'>elegia</span> <span class='ocrx_word' id='word_1_139' title='bbox 529 3113 696 3188; x_wconf 87' lang='lat' dir='ltr'>fabuloso</span> <span class='ocrx_word' id='word_1_140' title='bbox 710 3113 846 3212; x_wconf 85' lang='lat' dir='ltr'>Priapo</span> <span class='ocrx_word' id='word_1_141' title='bbox 871 3140 958 3189; x_wconf 89' lang='lat' dir='ltr'>vera</span> <span class='ocrx_word' id='word_1_142' title='bbox 972 3125 1009 3188; x_wconf 92' lang='lat' dir='ltr'>et</span> <span class='ocrx_word' id='word_1_143' title='bbox 1027 3114 1072 3188; x_wconf 91' lang='lat' dir='ltr'>de</span> <span class='ocrx_word' id='word_1_144' title='bbox 1090 3116 1262 3213; x_wconf 87' lang='lat' dir='ltr'>praesenti</span> 
     </span>
     <span class='ocr_line' id='line_1_21' title="bbox 210 3246 1260 3349; baseline -0.001 -24"><span class='ocrx_word' id='word_1_145' title='bbox 210 3259 373 3349; x_wconf 88' lang='lat' dir='ltr'>tempore</span> <span class='ocrx_word' id='word_1_146' title='bbox 392 3259 583 3346; x_wconf 87' lang='lat' dir='ltr'>assumpta</span> <span class='ocrx_word' id='word_1_147' title='bbox 596 3247 806 3347; x_wconf 90' lang='lat' dir='ltr'>opponitur,</span> <span class='ocrx_word' id='word_1_148' title='bbox 833 3272 965 3347; x_wconf 89' lang='lat' dir='ltr'>nempe</span> <span class='ocrx_word' id='word_1_149' title='bbox 981 3246 1150 3322; x_wconf 85' lang='lat' dir='ltr'>Tibullus</span> <span class='ocrx_word' id='word_1_150' title='bbox 1166 3248 1260 3346; x_wconf 90' lang='lat' dir='ltr'>ipse,</span> 
     </span>
     <span class='ocr_line' id='line_1_22' title="bbox 209 3381 1260 3483; baseline -0.001 -26"><span class='ocrx_word' id='word_1_151' title='bbox 209 3392 294 3483; x_wconf 90' lang='lat' dir='ltr'>post</span> <span class='ocrx_word' id='word_1_152' title='bbox 324 3408 435 3482; x_wconf 89' lang='lat' dir='ltr'>quem</span> <span class='ocrx_word' id='word_1_153' title='bbox 462 3382 574 3458; x_wconf 89' lang='lat' dir='ltr'>etiarn</span> <span class='ocrx_word' id='word_1_154' title='bbox 620 3381 779 3481; x_wconf 82' lang='lat' dir='ltr'>aliquem</span> <span class='ocrx_word' id='word_1_155' title='bbox 806 3382 992 3456; x_wconf 77' lang='lat' dir='ltr'>&#39;cernimus</span> <span class='ocrx_word' id='word_1_156' title='bbox 1021 3406 1041 3456; x_wconf 79' lang='lat' dir='ltr'>c</span> <span class='ocrx_word' id='word_1_157' title='bbox 1064 3382 1206 3457; x_wconf 87' lang='lat' dir='ltr'>Titium</span> <span class='ocrx_word' id='word_1_158' title='bbox 1239 3407 1260 3456; x_wconf 78' lang='lat' dir='ltr'>n</span> 
     </span>
     <span class='ocr_line' id='line_1_23' title="bbox 211 3516 1260 3618; baseline 0.001 -26"><span class='ocrx_word' id='word_1_159' title='bbox 211 3519 265 3613; x_wconf 86' lang='lat' dir='ltr'>(v.</span> <span class='ocrx_word' id='word_1_160' title='bbox 280 3519 301 3592; x_wconf 81' lang='lat'><strong>7</strong></span> <span class='ocrx_word' id='word_1_161' title='bbox 305 3520 326 3592; x_wconf 88' lang='lat'><strong>3</strong></span> <span class='ocrx_word' id='word_1_162' title='bbox 349 3520 460 3618; x_wconf 87' lang='lat' dir='ltr'>sqq.),</span> <span class='ocrx_word' id='word_1_163' title='bbox 474 3542 547 3616; x_wconf 94' lang='lat' dir='ltr'>quo</span> <span class='ocrx_word' id='word_1_164' title='bbox 561 3517 710 3592; x_wconf 90' lang='lat' dir='ltr'>nomine</span> <span class='ocrx_word' id='word_1_165' title='bbox 725 3516 884 3592; x_wconf 84' lang='lat' dir='ltr'>Romani</span> <span class='ocrx_word' id='word_1_166' title='bbox 896 3516 1156 3615; x_wconf 90' lang='lat' dir='ltr'>jurisconsulti</span> <span class='ocrx_word' id='word_1_167' title='bbox 1172 3518 1260 3594; x_wconf 88' lang='lat' dir='ltr'>sole·</span> 
     </span>
     <span class='ocr_line' id='line_1_24' title="bbox 210 3651 1258 3752; baseline 0 -24"><span class='ocrx_word' id='word_1_168' title='bbox 210 3653 302 3729; x_wconf 88' lang='lat' dir='ltr'>bant</span> <span class='ocrx_word' id='word_1_169' title='bbox 310 3651 571 3752; x_wconf 84' lang='lat' dir='ltr'>imaginarium</span> <span class='ocrx_word' id='word_1_170' title='bbox 583 3653 706 3727; x_wconf 67' lang='lat' dir='ltr'>virum</span> <span class='ocrx_word' id='word_1_171' title='bbox 718 3677 931 3750; x_wconf 88' lang='lat' dir='ltr'>nuncupare</span> <span class='ocrx_word' id='word_1_172' title='bbox 941 3679 950 3744; x_wconf 82' lang='lat'>3</span> <span class='ocrx_word' id='word_1_173' title='bbox 962 3651 1145 3750; x_wconf 67' lang='lat' dir='ltr'>praeterea,</span> <span class='ocrx_word' id='word_1_174' title='bbox 1159 3654 1258 3752; x_wconf 87' lang='lat' dir='ltr'>apud</span> 
     </span>
     <span class='ocr_line' id='line_1_25' title="bbox 209 3785 1261 3887; baseline 0.004 -25"><span class='ocrx_word' id='word_1_175' title='bbox 209 3787 409 3863; x_wconf 88' lang='lat' dir='ltr'>Horatium</span> <span class='ocrx_word' id='word_1_176' title='bbox 425 3787 701 3887; x_wconf 86' lang='lat' dir='ltr'>colloquentum</span> <span class='ocrx_word' id='word_1_177' title='bbox 717 3785 873 3880; x_wconf 88' lang='lat' dir='ltr'>indoles,</span> <span class='ocrx_word' id='word_1_178' title='bbox 895 3787 1064 3886; x_wconf 87' lang='lat' dir='ltr'>quamvis</span> <span class='ocrx_word' id='word_1_179' title='bbox 1078 3787 1117 3862; x_wconf 92' lang='lat' dir='ltr'>in</span> <span class='ocrx_word' id='word_1_180' title='bbox 1130 3789 1261 3886; x_wconf 86' lang='lat' dir='ltr'>jocum</span> 
     </span>
    </p>
   </div>
   <div class='ocr_carea' id='block_1_6' title="bbox 208 4033 1260 4285">
    <p class='ocr_par' dir='ltr' id='par_1_7' title="bbox 208 4033 1260 4285">
     <span class='ocr_line' id='line_1_26' title="bbox 245 4033 1259 4120; baseline 0.003 -30"><span class='ocrx_word' id='word_1_181' title='bbox 245 4034 281 4109; x_wconf 80' lang='lat' dir='ltr'>(lt</span> <span class='ocrx_word' id='word_1_182' title='bbox 294 4035 372 4091; x_wconf 70' lang='lat' dir='ltr'>(lires</span> <span class='ocrx_word' id='word_1_183' title='bbox 386 4034 460 4090; x_wconf 86' lang='lat' dir='ltr'>idem</span> <span class='ocrx_word' id='word_1_184' title='bbox 471 4041 579 4108; x_wconf 87' lang='lat' dir='ltr'>tempus</span> <span class='ocrx_word' id='word_1_185' title='bbox 594 4039 684 4106; x_wconf 87' lang='lat' dir='ltr'>potest</span> <span class='ocrx_word' id='word_1_186' title='bbox 694 4033 819 4090; x_wconf 84' lang='lat' dir='ltr'>Tibullus</span> <span class='ocrx_word' id='word_1_187' title='bbox 829 4034 881 4090; x_wconf 87' lang='lat' dir='ltr'>dno</span> <span class='ocrx_word' id='word_1_188' title='bbox 895 4037 1017 4107; x_wconf 84' lang='lat' dir='ltr'>Priapeu</span> <span class='ocrx_word' id='word_1_189' title='bbox 1031 4034 1181 4120; x_wconf 84' lang='lat' dir='ltr'>scripsisse,</span> <span class='ocrx_word' id='word_1_190' title='bbox 1199 4055 1259 4108; x_wconf 79' lang='lat' dir='ltr'>quae</span> 
     </span>
     <span class='ocr_line' id='line_1_27' title="bbox 208 4119 1260 4198; baseline 0.008 -20"><span class='ocrx_word' id='word_1_191' title='bbox 208 4125 237 4178; x_wconf 91' lang='lat' dir='ltr'>in</span> <span class='ocrx_word' id='word_1_192' title='bbox 252 4123 345 4196; x_wconf 78' lang='lat' dir='ltr'>codice</span> <span class='ocrx_word' id='word_1_193' title='bbox 359 4124 508 4197; x_wconf 86' lang='lat' dir='ltr'>Cujaciano</span> <span class='ocrx_word' id='word_1_194' title='bbox 522 4123 671 4196; x_wconf 84' lang='lat' dir='ltr'>leguntur?</span> <span class='ocrx_word' id='word_1_195' title='bbox 686 4121 739 4178; x_wconf 88' lang='lat' dir='ltr'>nisi</span> <span class='ocrx_word' id='word_1_196' title='bbox 754 4123 872 4181; x_wconf 79' lang='lat' dir='ltr'>fortasse</span> <span class='ocrx_word' id='word_1_197' title='bbox 894 4119 953 4180; x_wconf 86' lang='lat' dir='ltr'>haec</span> <span class='ocrx_word' id='word_1_198' title='bbox 967 4124 1103 4198; x_wconf 79' lang='lat' dir='ltr'>juvenilia</span> <span class='ocrx_word' id='word_1_199' title='bbox 1126 4127 1260 4198; x_wconf 72' lang='lat' dir='ltr'>opuscula</span> 
     </span>
     <span class='ocr_line' id='line_1_28' title="bbox 209 4219 339 4285; baseline 0.008 -17"><span class='ocrx_word' id='word_1_200' title='bbox 209 4219 297 4285; x_wconf 80' lang='lat' dir='ltr'>putas.</span> <span class='ocrx_word' id='word_1_201' title='bbox 335 4273 339 4282; x_wconf 53' lang='lat'>‚</span> 
     </span>
    </p>
   </div>
   <div class='ocr_carea' id='block_1_7' title="bbox 0 0 1572 5104">
    <p class='ocr_par' dir='ltr' id='par_1_8' title="bbox 0 0 1572 5104">
     <span class='ocr_line' id='line_1_29' title="bbox 0 0 1572 5104; baseline 0 0"><span class='ocrx_word' id='word_1_202' title='bbox 0 0 1572 5104; x_wconf 95' lang='lat' dir='ltr'> </span> 
     </span>
    </p>
   </div>
  </div>
 </body>
</html>
