3134 5104
716 511 767 524 ...
792 472 839 542 52
864 509 912 524 .-

292 624 443 716 tamque
469 612 628 710 Deliam,
644 617 735 693 dum
756 619 898 695 invitus
922 612 968 693 ab
992 615 1110 692 invita
1124 613 1342 688 distrahitur

289 771 410 824 sacras
430 759 546 826 sortes
574 751 837 848 consulentem,
867 761 955 828 vota
984 745 1197 840 reddentem
1220 744 1340 840 Isidi„

289 883 429 958 amanti
449 877 570 960 fausta
583 884 707 960 omina
737 896 968 986 precantem3
994 885 1057 981 ita,
1076 883 1145 960 sub
1158 883 1233 957 fine
1262 903 1337 956 car·

289 1015 412 1113 minis,
436 1018 547 1115 juvet
575 1019 715 1096 reditus
754 1021 890 1122 gaudia
930 1045 1082 1122 sperare,
1111 1043 1196 1093 cum
1231 1026 1340 1092 nocte

292 1150 415 1250 aliqua
443 1151 567 1228 subito
591 1151 707 1230 Deliae
730 1157 835 1255 quasi
864 1155 989 1231 ucaelo
1015 1154 1185 1228 missusr
1210 1148 1339 1242 aderit,

293 1283 401 1361 Delia
411 1310 525 1386 prope
546 1283 711 1363 sedulam
733 1313 846 1366 anum
859 1289 982 1390 pensis
997 1288 1122 1364 adfixa
1135 1309 1337 1384 somnoque

292 1420 447 1520 gravida
464 1434 640 1524 exsurget
662 1450 716 1516 ec,
740 1449 759 1500 c
775 1424 907 1526 longos
919 1424 1067 1500 turbata
1085 1420 1250 1522 capillos,
1273 1444 1342 1493 nu·

294 1556 381 1632 dato
395 1555 486 1656 pede
505 1581 537 1653 n,
552 1557 700 1634 obviam
726 1571 857 1636 curret.
873 1559 977 1635 lnter
999 1558 1080 1633 illas
1096 1555 1340 1656 lepidissimas

294 1690 455 1791 picturas
479 1690 690 1770 harmonica
705 1695 878 1780 subeunt,
899 1705 942 1770 ut
965 1719 1045 1770 mos
1067 1690 1227 1785 Tibullo,
1250 1690 1344 1765 anti·

292 1825 408 1915 theta,
428 1828 632 1926 presertim
648 1829 694 1905 de
705 1829 881 1929 mythicis
905 1828 1014 1904 rebus
1042 1836 1214 1925 sumpta:
1240 1823 1337 1898 flori-

294 1959 381 2036 dam
409 1961 528 2037 aetatis
551 1986 669 2038 eureae
705 1962 988 2062 descriptionem
1025 1961 1189 2062 sequitur
1214 1957 1331 2058 queri-

295 2097 419 2172 monia
436 2095 483 2171 de
500 2098 654 2196 hujusce
667 2097 754 2172 vitae
769 2097 991 2190 condicione,
1007 2096 1112 2172 bellis
1129 2105 1165 2170 et
1187 2089 1332 2167 naufra-

296 2232 368 2332 giis
382 2231 569 2328 obnoxia,
586 2234 677 2309 item
690 2233 885 2308 adversum
900 2229 1049 2332 Elysios
1063 2253 1210 2330 campos
1222 2225 1345 2302 avium

299 2375 425 2461 cantu,
456 2368 678 2466 perennibus
713 2369 819 2462 rosis,
846 2369 1029 2466 juvenum
1068 2363 1346 2464 puellarumque

299 2500 396 2575 ludis
423 2500 699 2598 amoenissimos,
725 2515 918 2602 ponuntur
942 2501 1105 2590 Tartara,
1128 2494 1347 2594 Tisiphones

301 2645 337 2711 et
353 2633 500 2712 Cerberi
521 2637 710 2732 monstris,
727 2638 952 2713 famosorum
977 2645 1130 2711 sontum
1159 2603 1347 2728 suppliciis

299 2770 493 2846 horrenda.
513 2772 603 2847 Haec
621 2784 746 2848 eutem
759 2785 837 2848 arte
850 2773 895 2848 ad
909 2771 1034 2871 elegiae
1055 2766 1248 2844 materiam
1262 2763 1344 2838 atti·

298 2915 400 3000 nent,
413 2905 552 2982 nedum
564 2933 632 3008 pro
647 2909 924 3008 supervacaneis
939 2902 1167 2982 ornamentis
1190 2899 1345 2974 habean-

300 3051 388 3116 tur:
419 3066 579 3141 namque
615 3043 654 3116 in
707 3067 854 3142 campos
887 3040 1045 3140 Elysios
1077 3036 1349 3113 exstinctorum

301 3185 493 3250 amantum
519 3176 634 3269 sedes,
662 3203 738 3254 sese
771 3188 890 3252 morte
928 3175 1029 3250 obita
1059 3173 1219 3247 ductum
1255 3167 1301 3241 iri
1327 3192 1348 3240 a

303 3309 447 3386 Venere
465 3311 576 3410 fingit
588 3310 637 3410 (v.
659 3316 704 3386 57
716 3314 807 3412 sq.),
823 3311 986 3402 Tartara,
1005 3307 1119 3407 siquis
1136 3329 1154 3379 c
1172 3329 1258 3380 suos
1272 3301 1347 3376 vio·

303 3442 395 3518 lavit
425 3470 565 3520 amores
588 3469 623 3539 n,
640 3445 767 3521 odioso
790 3443 923 3519 aemulo
954 3450 1107 3541 exoptat
1128 3441 1176 3538 (v.
1202 3433 1247 3512 81
1264 3433 1346 3534 sq.).

305 3576 489 3671 Ceterum,
511 3589 547 3654 et
564 3579 719 3678 singulae
738 3577 909 3654 carminis
937 3587 1058 3675 partes
1090 3599 1132 3648 ea
1157 3582 1234 3646 arte
1260 3594 1349 3645 con·

303 3722 418 3788 textae
436 3723 537 3805 sunt,
553 3726 596 3789 ut
619 3715 787 3791 luctuosa
804 3724 840 3789 et
861 3711 1029 3811 jucunda
1058 3707 1209 3784 alternis
1224 3727 1347 3804 usque

302 3846 445 3923 vicibus
460 3848 623 3944 subeant,
638 3875 744 3948 aegrae
762 3848 944 3923 discessus
970 3840 1215 3920 recordationi
1232 3835 1346 3915 conti·

303 3983 439 4058 nuetur
452 4007 568 4058 aureae
582 3983 701 4059 aetatis
715 3981 921 4080 descripti0,
936 3977 1107 4054 violentae
1128 3976 1215 4050 vitae
1229 3970 1347 4078 taediis

307 4116 522 4218 Elysiorum
539 4144 751 4218 camporum
766 4116 965 4207 amoenitas,
982 4122 1099 4188 taetrae
1112 4107 1259 4184 Tartari
1279 4105 1350 4178 for·
