3116 5104
625 620 671 633 ..
699 582 821 654 33..

210 735 322 809 bant:
346 732 455 826 unde,
477 742 519 806 ut
539 732 620 828 jam
646 731 686 803 in
714 729 990 829 Prolegomenis
1020 732 1160 808 dictum
1188 746 1257 829 est,

210 864 568 966 pseudo-vergiliana
591 863 786 958 Catalecta,
808 865 1150 963 pseudo-tibulliani
1174 869 1259 945 libri

208 1003 315 1078 nobis
328 1027 534 1102 pervenere.

259 1136 357 1230 Quid
382 1135 530 1211 multa?
551 1134 709 1210 Inclitus
737 1134 837 1233 apud
878 1147 1015 1234 poetas,
1040 1164 1061 1212 a
1085 1148 1202 1215 matre
1222 1150 1259 1215 et

209 1297 331 1348 sorore
345 1271 511 1366 dilectus,
524 1296 642 1370 neque
655 1269 810 1368 egestati
824 1270 1019 1367 obnoxius,
1033 1298 1100 1348 nec
1115 1274 1253 1372 sapien·

207 1408 269 1482 aie
279 1432 422 1506 expers,
433 1404 605 1480 Tibullus
615 1430 749 1505 paucos
757 1431 911 1481 numero
925 1433 1052 1501 annos,
1063 1408 1127 1483 sed
1137 1407 1257 1484 felices

207 1541 318 1616 vixit.
353 1539 452 1614 Eum
491 1539 640 1615 infirmo
665 1565 836 1639 aegroque
864 1567 1013 1640 corpore
1042 1542 1155 1617 fuisse
1186 1543 1253 1640 (l),

208 1675 377 1775 quamvis
398 1699 466 1750 nos
480 1672 520 1748 in
531 1674 626 1749 hanc
645 1674 856 1773 opinionem
866 1675 1046 1751 inclinent
1057 1677 1255 1752 immatura

207 1810 348 1903 funera,
358 1810 509 1886 morbus
522 1837 595 1910 quo
614 1835 650 1884 se
666 1808 834 1908 Corcyra
848 1810 1069 1909 implicitum
1082 1811 1255 1903 declarat,

208 1971 351 2022 necnon
373 1946 540 2046 languidi
558 1944 680 2020 nescio
695 1944 784 2043 quid
811 1945 911 2042 poesi
929 1944 1149 2020 Tibullianae
1181 1946 1255 2020 suf·

206 2083 344 2173 fusum,
378 2108 508 2181 parum
539 2061 678 2180 liquet:
703 2105 787 2154 cum
814 2078 992 2154 Horatius
1018 2081 1089 2180 ipsi
1114 2081 1255 2156 valetu-

204 2217 329 2291 dinem
353 2216 562 2316 gratuletur
575 2214 653 2312 (loc.
672 2214 758 2308 cit).
774 2211 878 2288 Mens
902 2215 1045 2308 saltem,
1068 2217 1256 2291 amatoriis

204 2353 300 2427 curis
316 2352 452 2443 saucia,
469 2376 563 2449 saepe
576 2348 696 2424 doluit
710 2374 751 2423 ac
769 2348 914 2448 languit
929 2379 938 2424 ι
953 2351 1025 2424 nisi
1041 2351 1254 2448 huiusmodi

203 2487 321 2577 dolor,
339 2485 508 2586 quotiens
531 2485 571 2557 in
587 2483 742 2583 pulchra
765 2484 926 2558 carmina
949 2486 1115 2581 vertitur,
1136 2500 1252 2584 poetae

203 2647 272 2719 pro
285 2620 423 2696 deliciis
443 2620 515 2695 fere
528 2619 654 2693 haberi
669 2617 772 2692 solet.
791 2618 860 2693 Sed
883 2620 1004 2719 qualia
1029 2621 1249 2696 tenerrimus

204 2756 392 2830 suavisissi
409 2756 596 2853 simusque
622 2763 728 2852 poeta
755 2755 917 2849 senserit,
934 2781 980 2829 ex
1005 2755 1094 2854 ipsis
1109 2755 1249 2856 elegiis,

203 2890 329 2966 sedulo
342 2890 553 2990 recognitis,
563 2891 644 2987 jam
658 2886 900 2988 perspiciendi
916 2888 1019 2964 locus
1034 2899 1100 2963 est.

239 3150 279 3220 (1)
293 3150 356 3220 Ipse
371 3167 400 3204 se
414 3147 514 3204 teneris
528 3147 727 3219 gracilibusquo
749 3145 877 3201 membris
894 3146 978 3202 luisse
996 3151 1112 3201 testatur
1133 3146 1200 3217 (vid.
1214 3146 1249 3205 el.

203 3239 245 3309 lI,
258 3239 285 3309 3,
301 3256 329 3299 v.
346 3241 362 3294 9
377 3244 431 3310 sq.)
